@article{giupponi11a,
  title={Colloid electrophoresis for strong and weak ion diffusivity},
  author={Giupponi, Giovanni and Pagonabarraga, Ignacio},
  journal={Physical review letters},
  volume={106},
  number={24},
  pages={248304},
  year={2011},
  publisher={APS}
}

@article{capuani04a,
  title={Discrete solution of the electrokinetic equations},
  author={Capuani, Fabrizio and Pagonabarraga, Ignacio and Frenkel, Daan},
  journal={The Journal of chemical physics},
  volume={121},
  number={2},
  pages={973--986},
  year={2004},
  publisher={AIP Publishing}
}

@article{kalman08a,
  title={Nanofluidic bipolar transistors},
  author={Kalman, Eric B and Vlassiouk, Ivan and Siwy, Zuzanna S},
  journal={Advanced Materials},
  volume={20},
  number={2},
  pages={293--297},
  year={2008},
  publisher={Wiley Online Library}
}

@article{limbach06a,
  title={ESPResSo—an extensible simulation package for research on soft matter systems},
  author={Limbach, Hans-J{\"o}rg and Arnold, Axel and Mann, Bernward A and Holm, Christian},
  journal={Computer Physics Communications},
  volume={174},
  number={9},
  pages={704--727},
  year={2006},
  publisher={Elsevier}
}

@article{rohm12a,
  title={Lattice boltzmann simulations on GPUs with ESPResSo},
  author={R{\"o}hm, Dominic and Arnold, A},
  journal={The European Physical Journal-Special Topics},
  volume={210},
  number={1},
  pages={89--100},
  year={2012},
  publisher={Springer}
}

@incollection{arnold13a,
  title={ESPResSO 3.1: Molecular dynamics software for coarse-grained models},
  author={Arnold, Axel and Lenz, Olaf and Kesselheim, Stefan and Weeber, Rudolf and Fahrenberger, Florian and Roehm, Dominic and Ko{\v{s}}ovan, Peter and Holm, Christian},
  booktitle={Meshfree methods for partial differential equations VI},
  pages={1--23},
  year={2013},
  publisher={Springer}
}

@book{degroot13a,
  title={Non-equilibrium thermodynamics},
  author={De Groot, Sybren Ruurds and Mazur, Peter},
  year={2013},
  publisher={Courier Corporation}
}
@article{degraaf14a,
	title = {Diffusiophoretic Self-Propulsion for Partially Catalytic Spherical Colloids},
	volume = {14},
	issn = {1536-1241},
	doi = {10.1109/TNB.2015.2403255},
	abstract = {Colloidal spheres with a partial platinum surface coating perform autophoretic motion when suspended in hydrogen peroxide solution. We present a theoretical analysis of the self-propulsion velocity of these particles using a continuum multi-component, self-diffusiophoretic model. With this model as a basis, we show how the slip-layer approximation can be derived and in which limits it holds. First, we consider the differences between the full multi-component model and the slip-layer approximation. Then the slip model is used to demonstrate and explore the sensitive nature of the particle's velocity on the details of the molecule-surface interaction. We find a strong asymmetry in the dependence of the colloid's velocity as a function of the level of catalytic coating, when there is a different interaction between the solute and solvent molecules and the inert and catalytic part of the colloid, respectively. The direction of motion can even be reversed by varying the level of the catalytic coating. Finally, we investigate the robustness of these results with respect to variations in the reaction rate near the edge between the catalytic and inert parts of the particle. Our results are of significant interest to the interpretation of experimental results on the motion of self-propelled particles.},
	pages = {272--288},
	number = {3},
	journaltitle = {{IEEE} Transactions on {NanoBioscience}},
	author = {de Graaf, J. and Rempfer, G. and Holm, C.},
	date = {2015-04},
	keywords = {Approximation methods, catalytic coating, chemically reactive flow, Coatings, Colloid, colloidal spheres, colloids, colloid velocity, continuum multicomponent self-diffusiophoretic model, diffusion, diffusiophoresis, diffusiophoretic self-propulsion, Equations, Force, hydrogen peroxide solution, Mathematical model, molecule-surface interaction, multi-component, Nanobioscience, partially catalytic spherical colloids, particle velocity, platinum surface coating, reaction rate, reaction rate constants, self-propelled, self-propulsion velocity, slip flow, slip-layer approximation, slip model, Surface treatment, two-phase flow},
	file = {IEEE Xplore Abstract Record:/home/georg/.zotero/zotero/z5lbpot5.default/zotero/storage/AAWN9X7U/abs_all.html:text/html;IEEE Xplore Full Text PDF:/home/georg/.zotero/zotero/z5lbpot5.default/zotero/storage/N7UEZR6Z/de Graaf et al. - 2015 - Diffusiophoretic Self-Propulsion for Partially Cat.pdf:application/pdf}
}

@article{padding06a,
  title={Hydrodynamic interactions and Brownian forces in colloidal suspensions: Coarse-graining over time and length scales},
  author={Padding, JT and Louis, AA},
  journal={Physical Review E},
  volume={74},
  number={3},
  pages={031402},
  year={2006},
  publisher={APS}
}

@article{einstein1905a,
  title={{\"U}ber die von der molekularkinetischen Theorie der W{\"a}rme geforderte Bewegung von in ruhenden Fl{\"u}ssigkeiten suspendierten Teilchen},
  author={Einstein, Albert},
  journal={Annalen der physik},
  volume={322},
  number={8},
  pages={549--560},
  year={1905},
  publisher={Wiley Online Library}
}

@article{smoluchowski1906a,
  title={Zur kinetischen theorie der brownschen molekularbewegung und der suspensionen},
  author={Von Smoluchowski, Marian},
  journal={Annalen der physik},
  volume={326},
  number={14},
  pages={756--780},
  year={1906},
  publisher={Wiley Online Library}
}

@article{degraaf12a,
  title={Electrostatic interactions between Janus particles},
  author={de Graaf, Joost and Boon, Niels and Dijkstra, Marjolein and van Roij, Ren{\'e}},
  journal={The Journal of chemical physics},
  volume={137},
  number={10},
  pages={104910},
  year={2012},
  publisher={AIP Publishing}
}

@article{punkkinen08a,
  title={Ionic cloud distribution close to a charged surface in the presence of salt},
  author={Punkkinen, Olli and Naji, Ali and Podgornik, Rudolf and Vattulainen, Ilpo and Hansen, P-L},
  journal={EPL (Europhysics Letters)},
  volume={82},
  number={4},
  pages={48001},
  year={2008},
  publisher={IOP Publishing}
}

@book{succi01a,
  title={The Lattice-Boltzmann Equation},
  author={Succi, Sauro},
  year={2001},
  publisher={Oxford university press, Oxford}
}

@mastersthesis{rempfer10a,
  title={Lattice-Boltzmann simulations in complex geometries},
  author={Rempfer, Georg},
  year={2010},
  school={Universtity of Stuttgart, Institute for Computational Physics},
  type={Bachelor’s thesis}
}
