@article{Limbach_06,
  title = {{ESPResSo} -- An Extensible Simulation Package for Research on Soft Matter Systems},
  author = {Limbach, H. J. and Arnold, A. and Mann, B. A. and Holm, C.},
  journal = {Comp. Phys. Comm.},
  volume = {174},
  pages = {704},
  year = {2006},
}

@inproceedings{Arnold_13,
  title = {{ESPResSo 3.1 --- Molecular Dynamics Software for Coarse-Grained	Models}},
  author = {Arnold, A. and Lenz, O. and Kesselheim, S. and Weeber, R. and Fahrenberger, F. and Roehm, D. and Ko\v{s}ovan, P. and Holm, C.},
  booktitle = {Meshfree Methods for Partial Differential Equations {VI}},
  editor = {Griebel, M. and Schweitzer, M. A.},
  volume = {89},
  series = {Lecture Notes in Computational Science and Engineering},
  pages = {1},
  publisher = {Springer},
  year = {2013},
}

@article{UG,
  author = {Arnold et al., A.},
  title  = {ESPResSo User Guide},
  journal  = {User Guide: ESPResSo git repository},
  year  = {2015},
  volume  = {3.4-dev-1404-g32d3874},
  pages  = {1},
}

@article{Gibbs_10,
  author = {Gibbs, John G. and Fragnito, Nicholas A. and Zhao, Yiping},
  title = {Asymmetric Pt/Au coated catalytic micromotors fabricated by dynamic shadowing growth},
  journal = {Applied Physics Letters},
  year = {2010},
  volume = {97},
  number = {25}, 
  eid = 253107,
  pages = {},
  url = {http://scitation.aip.org/content/aip/journal/apl/97/25/10.1063/1.3529448},
  doi = {http://dx.doi.org/10.1063/1.3529448"}
}

@article{Wheat_10,
  author = {Wheat, Philip M. and Marine, Nathan A. and Moran, Jeffrey L. and Posner, Jonathan D.},
  title = {Rapid Fabrication of Bimetallic Spherical Motors},
  journal = {Langmuir},
  volume = {26},
  number = {16},
  pages = {13052-13055},
  year = {2010},
  doi = {10.1021/la102218w},
  note ={PMID: 20695541},
  url = {http://dx.doi.org/10.1021/la102218w}
}

