@article{Uspal_14,
  author = {Uspal, W.E. and Popescu, M. and Dietrich, S. and Tasinkevych, M.},
  title  = {Self-propulsion of a catalytically active particle near a planar wall: from reflection to sliding and hovering},
  journal  = {Soft Matter},
  year  = {2014},
  volume  = {-},
  pages  = {-},
}

@article{Mood_13b,
  title = {Molecular Dynamics Simulation of the Motion of Colloidal Nanoparticles in a Solute Concentration Gradient and a Comparison to the Continuum Limit},
  author = {Sharifi-Mood, N. and Koplik, J. and Maldarelli, C.},
  journal = {Phys. Rev. Lett.},
  volume = {111},
  pages = {184501},
  year = {2013},
}

@article{Holz,
  author = {Holz, M. and Heil, S.R. and Sacco, A.},
  title  = {Temperature-dependent self-diffusion coefficients of water and six selected molecular liquids for calibration in accurate 1H NMR PFG measurements},
  journal  = {Phys. Chem. Chem. Phys.},
  year  = {2000},
  volume  = {2},
  pages  = {4740},
}

@article{Lee_14,
  author = {Lee, T.-C. and Alarc\'{o}n-Correa, M. and Miksch, C. and Hahn, K. and Gibbs, J.G. and Fischer, P.},
  title = {Self-Propelling Nanomotors in the Presence of Strong Brownian Forces},
  journal = {Nano Lett.},
  volume = {14},
  pages = {2407},
  year = {2014},
}

@article{islam_14,
  author = {Khalil, I.S.M. and Magdanz, V. and Sanchez, S. and Schmidt, O.G. and Misra, S.},
  title = {Wireless Magnetic-Based Closed-Loop Control of Self-Propelled Microjets},
  journal = {PLoS ONE},
  volume = {9},
  pages = {e83053},
  year = {2014},
}

@article{ismagilov,
  author = {Ismagilov, R.F. and Schwartz, A. and Bowden, N. and Whitesides, G.M.},
  title = {Autonomous Movement and Self-Assembly},
  journal = {Angew. Chem. Int. Ed.},
  volume = {41},
  pages = {652},
  year = {2002},
}

@article{purcell,
   author = {Purcell, E.M.},
   title = {Life at low Reynolds number},
   journal = {Am. J. Phys.},
   year = {1977},
   volume = {45},
   pages = {3-11},
}

@article{Anderson,
  author = {Anderson, J.L.},
  title = {Colloid Transport by Interfacial Forces},
  journal = {Annu. Rev. Fluid Mech.},
  volume = {21},
  pages = {61},
  year = {1989},
}

@article{Mood_13,
  author = {Sharifi-Mood, N. and Koplik, J. and Maldarelli, C.},
  title = {Diffusiophoretic self-propulsion of colloids driven by a surface reaction: The sub-micron particle regime for exponential and van der Waals interactions},
  journal = {Phys. Fluids},
  year = {2013},
  volume = {25},
  pages = {-},
}

@book{Schumb,
  author = {Schumb, W.C. and Satterfield, C.N. and Wentworth, R.L.},
  title = {Hydrogen Peroxide -- ACS Monograph Series},
  publisher = {Reinhold (New York)},
  year = {1955},
  edition = {1st},
  pages = {-},
}

@book{Groot_Mazur,
  author = {de Groot, S.R. and Mazur, P.},
  title = {Non-Equilibrium Thermodynamics},
  publisher = {Dover Publications (New York)},
  year = {1984},
  edition = {1st},
  pages = {-},
}

@book{DeHoff_06,
  author = {DeHoff, R.},
  title = {Thermodynamics in Materials Science},
  publisher = {CRC Press (Boca Raton)},
  year = {2006},
  edition = {2nd},
  pages = {-},
}

@article{Lauga_14,
  author = {Michelin, S. and Lauga, E.},
  title  = {Phoretic self-propulsion at finite Peclet number},
  journal  = {J. Fluid Mech.},
  year  = {2014},
  volume  = {747},
  pages  = {572},
}

@article{Lauga_12,
  author = {S.E. Spagnolie and E. Lauga},
  title  = {Hydrodynamics of self-propulsion near a boundary: predictions and accuracy of far-field approximations},
  journal  = {J. Fluid Mech.},
  year  = {2012},
  volume  = {700},
  pages  = {105},
}

@article{Brady_14,
  author = {Shklyaev, S. and Brady, J.F. and Cordova-Figueroa, U.M.},
  title  = {Non-spherical osmotic motor: chemical sailing},
  journal  = {J. Fluid Mech.},
  year  = {2014},
  volume  = {748},
  pages  = {488},
}

@article{Brady_13,
  author = {Cordova-Figueroa, U.M. and Brady, J.F. and Shklyaev, S.},
  title  = {Osmotic propulsion of colloidal particles via constant surface flux},
  journal  = {Soft Matter},
  year  = {2013},
  volume  = {9},
  pages  = {638},
}

@article{Brady_08,
  title = {Osmotic Propulsion: The Osmotic Motor},
  author = {C\'{o}rdova-Figueroa, U.M. and Brady, J.F.},
  journal = {Phys. Rev. Lett.},
  volume = {100},
  pages = {158303},
  year = {2008},
}


@article{Brady_11,
  author = {J.F. Brady},
  title = {Particle motion driven by solute gradients with application to autonomous motion: continuum and colloidal perspectives},
  journal = {J. Fluid Mech.},
  volume = {667},
  pages = {216},
  year = {2011},
}

@article{Sridhar,
  author = {Sridhar, T. and Potter, O.E.},
  title = {DIFFUSION COEFFICIENT OF OXYGEN IN LIQUIDS},
  journal = {Chem. Eng. Commun.},
  volume = {21},
  pages = {47},
  year = {1983},
}

@article{Bartels,
  author = {Han, P. and Bartels, D.M.},
  title = {Temperature Dependence of Oxygen Diffusion in H2O and D2O},
  journal = {J. Phys. Chem.},
  volume = {100},
  pages = {5597},
  year = {1996},
}

﻿@article{St-Denis,
  author = {St-Denis, C.E. and Fell, C.J.D.},
  title = {Diffusivity of oxygen in water},
  journal = {Can. J. Chem. Eng.},
  volume = {49},
  pages = {885},
  year = {1971},
}

﻿@article {Stern,
  author = {Stern, K.G.},
  title = {\"{U}ber die Diffusion des Hydroperoxyds in verschiedenen L\"{o}sungsmitteln},
  journal = {Ber. Dtsch. Chem. Ges.},
  volume = {66},
  pages = {547},
  year = {1933},
}

@article{Brown,
  title  = {Ionic effects in self-propelled Pt-coated Janus swimmers},
  author = {Brown, A. and Poon, W.},
  journal  = {Soft Matter},
  volume  = {10},
  pages  = {4016-4027},
  year  = {2014},
}

@article{simmchen,
  title  = {Effect of surfactants on the performance of tubular and spherical micromotors -- a comparative study},
  author = {Simmchen, J. and Magdanz, V. and Sanchez, S. and Chokmaviroj, S. and Ruiz-Molina, D. and Baeza, A. and Schmidt, O.G.},
  journal  = {RSC Adv.},
  year  = {2014},
  volume  = {4},
  pages  = {20334},
}

@article{Bloomfield,
  author = {Bloomfield, V.A. and Dewan, R.K.},
  title = {Viscosity of liquid mixtures},
  journal = {J. Phys. Chem.},
  volume = {75},
  pages = {3113},
  year = {1971},
}

@article{Curtiss,
  author = {Curtiss, C.F. and Bird, R.B.},
  title = {Multicomponent Diffusion},
  journal = {Ind. Eng. Chem. Res.},
  volume = {38},
  pages = {2515},
  year = {1999},
}

@book{israel,
  author  =      {Israelachvili, J. N.},
  title =        {Intermolecular and Surface Forces},
  publisher =    {Academic Press (London)},
  year =         {1992},
  edition =      {2nd},
  pages =        {-},
}

@book{Bird,
  author  =      {R.B. Bird and W.E. Steward and E.N. Lightfoot},
  title =        {Transport Phenomena},
  publisher =    {John Wiley \& Sons, Inc. (New York)},
  year =         {2002},
  edition =      {2nd},
  pages =        {-},
}

@article{Hall1,
  title={Electrochemical oxidation of hydrogen peroxide at platinum electrodes. Part 1. An adsorption-controlled mechanism},
  author={S.B. Hall and E.A. Khudaish and A.L. Hart},
  journal={Electrochim. Acta},
  volume={43},
  pages={579},
  year={1997},
}

@article{Hall2,
  title={Electrochemical oxidation of hydrogen peroxide at platinum electrodes. Part II: effect of potential},
  author={S.B. Hall and E.A. Khudaish and A.L. Hart},
  journal={Electrochim. Acta},
  volume={43},
  pages={2015},
  year={1997},
}

@article{Bickel,
  title = {Flow pattern in the vicinity of self-propelling hot Janus particles},
  author = {Bickel, T. and Majee, A. and W\"{u}rger, A.},
  journal = {Phys. Rev. E},
  volume = {88},
  pages = {012301},
  year = {2013},
}

@article{Yoshinaga,
  title = {Active Motion of a Janus Particle by Self-Thermophoresis in a Defocused Laser Beam},
  author = {Jiang, H.-R. and Yoshinaga, N. and Sano, M.},
  journal = {Phys. Rev. Lett.},
  volume = {105},
  pages = {268302},
  year = {2010},
}


@article{Ebbens,
  title={Electrokinetic effects in catalytic platinum-insulator Janus swimmers},
  author={S. Ebbens and D.A. Gregory and G. Dunderdale and J.R. Howse and Y. Ibrahim and T.B. Liverpool and R. Golestanian},
  journal={Euro. Phys. Lett.},
  volume={106},
  pages={58003},
  year={2014},
}

@article{Zwanikken_08,
  title = {Stability of additive-free water-in-oil emulsions},
  author = {Zwanikken, J. and de Graaf, J. and Bier, M. and van Roij, R.},
  journal = {J. Phys.: Condens. Matter},
  volume = {20},
  pages = {494238},
  year = {2008},
}

@article{Zoettl_12,
  title = {Nonlinear Dynamics of a Microswimmer in Poiseuille Flow},
  author = {Z{\"o}ttl, A. and Stark, H.},
  journal = {Phys. Rev. Lett.},
  volume = {108},
  pages = {218104},
  year = {2012},
}

@article{Zheng_13,
  title = {Non-Gaussian statistics for the motion of self-propelled Janus particles: experiment versus theory},
  author = {Zheng, X. and ten Hagen, B. and Kaiser, A. and Wu, M. and Cui, H. and Silber-Li, Z. and L{\"o}wen, H.},
  journal = {arXiv},
  volume = {1308.5389},
  pages = {1},
  year = {2013},
} 

@article{Cates_12,
  author={M.E. Cates},
  title={Diffusive transport without detailed balance in motile bacteria: does microbiology need statistical physics?},
  journal={Rep. Prog. Phys.},
  volume={75},
  pages={042601},
  year={2012},
}

@article{Zhao_12,
  title = {Micromotors with built-in compasses},
  author = {Zhao, G. and Sanchez, S. and Schmidt, O. G. and Pumera, M.},
  journal = {Chem. Commun.},
  volume = {48},
  pages = {10090},
  year = {2012},
}

@article{Yang_14,
  title = {Hydrodynamic simulations of self-phoretic microswimmers},
  author = {Yang, M. and Wysocki, A. and Ripoll, M.},
  journal = {Soft Matter},
  volume = {10},
  pages = {6280},
  year = {2014},
}

@article{Yang_11,
  title = {Simulations of thermophoretic nanoswimmers},
  author = {Yang, M. and Ripoll, M.},
  journal = {Phys. Rev. E},
  volume = {84},
  pages = {061401},
  year = {2011},
}

@article{Yan_12,
  title = {Linking synchronization to self-assembly using magnetic Janus colloids},
  author = {Yan, J. and Bloom, M. and Bae, S. C. and Luijten, E. and Granick, S.},
  journal = {Nature},
  volume = {491},
  pages = {578},
  year = {2012},
}

@article{Helbing_00,
  title = {Simulating dynamical features of escape panic},
  author = {Helbing, D. and Farkas, I. and Vicsek, T.},
  journal = {Nature},
  volume = {407},
  pages = {487},
  year = {2000},
}

@incollection{Zhang_13,
  year={2013},
  booktitle={Traffic and Granular Flow '11},
  editor={Kozlov, Valery V. and Buslaev, Alexander P. and Bugaev, Alexander S. and Yashina, Marina V. and Schadschneider, Andreas and Schreckenberg, Michael},
  title={Experimental Study of Pedestrian Flow Through a T-Junction},
  publisher={Springer (Berlin/Heidelberg)},
  author={Zhang, J. and Klingsch, W. and Schadschneider, A. and Seyfried, A.},
  pages={241},
}

@article{John_04,
  title = {Collective effects in traffic on bi-directional ant trails},
  journal = {J. Theor. Biol.},
  volume = {231},
  pages = {279},
  year = {2004},
  author = {A. John and A. Schadschneider and D. Chowdhury and K. Nishinari},
}

@article{Sokolov_07,
  title = {Concentration Dependence of the Collective Dynamics of Swimming Bacteria},
  author = {Sokolov, A. and Aranson, I.S. and Kessler, J.O. and Goldstein, R.E.},
  journal = {Phys. Rev. Lett.},
  volume = {98},
  pages = {158102},
  year = {2007},
}

@article{Ma_14,
  title = {Active Phase and Amplitude Fluctuations of Flagellar Beating},
  author = {Ma, R. and Klindt, G.S. and Riedel-Kruse, I.H. and J\"{u}licher, F. and Friedrich, B.M.},
  journal = {Phys. Rev. Lett.},
  volume = {113},
  pages = {048101},
  year = {2014},
}


@article{Polin_09,
  author = {Polin, M. and Tuval, I. and Drescher, K. and Gollub, J.P. and Goldstein, R.E.}, 
  title = {Chlamydomonas Swims with Two ``Gears'' in a Eukaryotic Version of Run-and-Tumble Locomotion},
  volume = {325}, 
  pages = {487}, 
  year = {2009},
  journal = {Science},
}

@article{Reufer_14,
  title = {Switching of Swimming Modes in Magnetospirillium gryphiswaldense},
  journal = {Biophys. J.},
  volume = {106},
  pages = {37},
  year = {2014},
  author = {M. Reufer and R. Besseling and J. Schwarz-Linek and V.A. Martinez and A.N. Morozov and J. Arlt and D. Trubitsyn and F.B. Ward and W.C.K. Poon},
}

@article{Geyer_13,
  author = {Geyer, V.F. and J\"{u}licher, F. and Howard, J. and Friedrich, B.M.}, 
  title = {Cell-body rocking is a dominant mechanism for flagellar synchronization in a swimming alga},
  volume = {110}, 
  pages = {18058}, 
  year = {2013}, 
  journal = {Proc. Nat. Acad. Sci.},
}

@article{Schwarz-Linek_12,
  author = {Schwarz-Linek, J. and Valeriani, C. and Cacciuto, A. and Cates, M. E. and Marenduzzo, D. and Morozov, A. N. and Poon, W. C. K.}, 
  title = {Phase separation and rotor self-assembly in active particle suspensions},
  volume = {109}, 
  pages = {4052}, 
  year = {2012}, 
  journal = {Proc. Nat. Acad. Sci.},
}

@article{Woolley_03,
  author = {Woolley, D.M.}, 
  title = {Motility of spermatozoa at surfaces},
  volume = {126}, 
  pages = {259}, 
  year = {2003}, 
  journal = {Reproduction},
}

@article{Riedel_05,
  author = {Riedel, I.H. and Kruse, K. and Howard, J.}, 
  title = {A Self-Organized Vortex Array of Hydrodynamically Entrained Sperm Cells},
  volume = {309}, 
  number = {5732}, 
  pages = {300}, 
  year = {2005},  
  journal = {Science},
}

@article{Katz_11,
  author = {Katz, Y. and Tunstr{\o}m, K. and Ioannou, C.C. and Huepe, C. and Couzin, I.D.}, 
  title = {Inferring the structure and dynamics of interactions in schooling fish},
  volume = {108}, 
  number = {46}, 
  pages = {18720}, 
  year = {2011}, 
  journal = {Proc. Nat. Acad. Sci.},
}

@article{Buhl_06,
  author = {Buhl, J. and Sumpter, D. J. T. and Couzin, I. D. and Hale, J. J. and Despland, E. and Miller, E. R. and Simpson, S. J.}, 
  title = {From Disorder to Order in Marching Locusts},
  volume = {312}, 
  pages = {1402}, 
  year = {2006}, 
  journal = {Science},
}

@article{Perez_14,
  author = {Restrepo-Perez, L. and Soler, L. and Martinez-Cisneros, C. and Sanchez, S.l and Schmidt, O.G.},
  title  = {Biofunctionalized self-propelled micromotors as an alternative on-chip concentrating system},
  journal  = {Lab Chip},
  year  = {2014},
  volume  = {14},
  pages  = {2914},
}

@article{Sliverberg_13,
  title = {Collective Motion of Humans in Mosh and Circle Pits at Heavy Metal Concerts},
  author = {Silverberg, J.L. and Bierbaum, M. and Sethna, J.P. and Cohen, I.},
  journal = {Phys. Rev. Lett.},
  volume = {110},
  pages = {228701},
  year = {2013},
}

@article{Wang_14,
  author = {Wang, W. and Li, S. and Mair, L. and Ahmed, S. and Huang, T.J. and Mallouk, T.E.},
  title = {Acoustic Propulsion of Nanorod Motors Inside Living Cells},
  journal = {Angew. Chem. Int. Ed.},
  volume = {53},
  pages = {3201},
  year = {2014},
}

@article{Cates_14,
  title = {Motility-Induced Phase Separation},
  author = {Cates, M.E. and Tailleur, J.},
  journal = {arXiv},
  volume = {1406.3533},
  pages = {1},
  year = {2014},
}

@article{Wolff_13,
  title = {Sedimentation and orientational order of active bottom-heavy particles},
  author = {Wolff, K. and Hahn, A. M. and Stark, H.},
  journal = {arXiv},
  volume = {1302.7268},
  pages = {1},
  year = {2013},
}

@article{Wilson_13b,
  title = {Fuel concentration dependent movement of supramolecular catalytic nanomotors},
  author = {Wilson, Daniela A. and de Nijs, Bart and van Blaaderen, Alfons and Nolte, Roeland J. M. and van Hest, Jan C. M.},
  journal = {Nanoscale},
  volume = {5},
  pages = {1315},
  year = {2013},
}

@article{Wilson_13a,
  title = {Autonomous movement of platinum-loaded stomatocytes},
  author = {Wilson, D. A. and Nolte, R. J. M. and van Hest, J. C. M.},
  journal = {Nat. Chem.},
  volume = {4},
  pages = {268},
  year = {2012},
}

@article{Wilson_12,
  title = {Entrapment of Metal Nanoparticles in Polymer Stomatocytes},
  author = {Wilson, D. A. and Nolte, R. J. M. and van Hest, J. C. M.},
  journal = {J. Am. Chem. Soc.},
  volume = {134},
  pages = {9894},
  year = {2012},
}

@article{Wensink_13,
  title = {Controlling active self-assembly through broken particle symmetries},
  author = {Wensink, H. H. and Kantsler, V. and Goldstein, R. E. and Dunkel, J.},
  journal = {arXiv},
  volume = {1306.0709},
  pages = {1},
  year = {2013},
}

@article{Wensink_12,
  title = {Meso-scale turbulence in living fluids},
  author = {Wensink, H. H. and Dunkel, J. and Heidenreich, S. and Drescher, K. and Goldstein, R. E. and L{\"o}wen, H. and Yeomans, J. M.}, 
  journal = {Proc. Natl. Acad. Sci.},
  volume = {109},
  pages = {14308}, 
  year = {2012}, 
}

@article{Wang_06,
  title = {Bipolar Electrochemical Mechanism for the Propulsion of Catalytic Nanomotors in Hydrogen Peroxide Solutions},
  author = {Wang, Y. and Hernandez, R. M. and Bartlett, D. J. and Bingham, J. M. and Kline, T. R. and Sen, A. and Mallouk, T. E.},
  journal = {Langmuir},
  volume = {22},
  pages = {10451},
  year = {2006},
}

@article{Wan_13,
  title = {Directed motion of elongated active polymers},
  author = {Wan, M.-B. and Jho, Y. S.},
  journal = {Soft Matter},
  volume = {9},
  pages = {3255},
  year = {2013},
}

@article{Wan_09,
  title = {Rectification of Swimming Bacteria and Self-Driven Particle Systems by Arrays of Asymmetric Barriers},
  author = {Wan, M. B. and Olson Reichhardt, C. J. and Nussinov, Z. and Reichhardt, C.},
  journal = {Phys. Rev. Lett.},
  volume = {101},
  pages = {018102},
  year = {2008},
}

@article{Volpe_11,
  title = {Microswimmers in patterned environments},
  author = {Volpe, G. and Buttinoni, I. and Vogt, D. and Kummerer, H.-J. and Bechinger, C.},
  journal = {Soft Matter},
  volume = {7},
  pages = {8810},
  year = {2011},
}

@article{Vicsek_12,
  title = {Collective motion},
  author = {Vicsek, T. and Zafeiris, A.},
  journal = {Phys. Rep.},
  volume = {517},
  pages = {71},
  year = {2012},
}

@article{Vicsek_00,
  title = {Simulating dynamical features of escape panic},
  author = {Helbing, D. and Farkas, I. and Vicsek, T.},
  journal = {Nature},
  volume = {407},
  pages = {487},
  year = {2000},
}

@article{Vicsek_95,
  title = {Novel Type of Phase Transition in a System of Self-Driven Particles},
  author = {Vicsek, T. and Czir{\'o}k, A. and Ben-Jacob, E. and Cohen, I. and Shochet, O.},
  journal = {Phys. Rev. Lett.},
  volume = {75},
  pages = {1226},
  year = {1995},
}

﻿@article {Valadares_10,
  title = {Catalytic Nanomotors: Self-Propelled Sphere Dimers},
  author = {Valadares, L. F. and Tao, Y.-G. and Zacharia, N. S. and Kitaev, V. and Galembeck, F. and Kapral, R. and Ozin, G. A.},
  journal = {Small},
  volume = {6},
  pages = {565},
  year = {2010},
}

@article{Thakur_12,
  title = {Collective dynamics of self-propelled sphere-dimer motors},
  author = {Thakur, S. and Kapral, R.},
  journal = {Phys. Rev. E},
  volume = {85},
  pages = {026121},
  year = {2012},
}

@article{Taktikos_12,
  title = {Collective dynamics of model microorganisms with chemotactic signaling},
  author = {Taktikos, J. and Zaburdaev, V. and Stark, H.},
  journal = {Phys. Rev. E},
  volume = {85},
  pages = {051901},
  year = {2012},
}

@article{Stenhammar_13,
  title = {A continuum theory of phase separation kinetics for active Brownian particles},
  author = {Stenhammar, J. and Tiribocchi, A. and Allen, R. J. and Marenduzzo, D. and Cates, M. E.},
  journal = {arXiv},
  volume = {1307.4373},
  pages = {1},
  year = {2013},
}

@article{van_Teeffelen_09,
  title  = {Clockwise-directional circle swimmer moves counter-clockwise in Petri dish- and ring-like confinements},
  author = {van Teeffelen, S. and Zimmermann, U. and L{\"o}wen, H.},
  journal  = {Soft Matter},
  volume  = {5},
  pages  = {4510},
  year  = {2009},
}

@article{Tao_09,
  title = {Dynamics of chemically powered nanodimer motors subject to an external force},
  author = {Tao, Y.-G. and Kapral, R.},
  year = {2009},
  journal = {J. Chem. Phys.},
  volume = {131},
  pages = {024113},
}

@article{Golestanian_07,
  author={R. Golestanian and T.B. Liverpool and A. Ajdari},
  title={Designing phoretic micro- and nano-swimmers},
  journal={New J. Phys.},
  volume={9},
  pages={126},
  year={2007},
}

@article{Tao_08,
  title = {Design of chemically propelled nanodimer motors},
  author = {Tao, Y.-G. and Kapral, R.},
  journal = {J. Chem. Phys.},
  volume = {128},
  pages = {164518},
  year = {2008},
}

@article{Tailleur_09,
  title = {Sedimentation, trapping, and rectification of dilute bacteria},
  author = {Tailleur, J. and Cates, M. E.},
  journal = {Europhys. Lett.},
  volume = {86},
  pages = {60002},
  year = {2009},
}

@article{Soto_13,
  title = {Self-Assembled Active Colloidal Molecules},
  author = {Soto, R. and Golestanian, R.},
  journal = {arXiv},
  volume = {1306.6596},
  pages = {1},
  year = {2013},
}

@article{Solovev_13,
  title = {Collective behaviour of self-propelled catalytic micromotors},
  author = {Solovev, A. A. and Sanchez, S. and Schmidt, O. G.},
  journal = {Nanoscale},
  year = {2013},
  volume = {5},
  pages = {1284},
}

@article{Solovev_11,
  title = {Tunable catalytic tubular micro-pumps operating at low concentrations of hydrogen peroxide},
  author = {Solovev, A. A. and Sanchez, S. and Mei, Y. and Schmidt, O. G.},
  journal = {Phys. Chem. Chem. Phys.},
  volume = {13},
  pages = {10131-10135},
  year = {2011},
}

﻿@article{Solovev_10,
  title = {Magnetic Control of Tubular Catalytic Microbots for the Transport, Assembly, and Delivery of Micro-objects},
  author = {Solovev, A. A. and Sanchez, S. and Pumera, M. and Mei, Y. F. and Schmidt, O. G.},
  journal = {Adv. Funct. Mat.},
  volume = {20},
  pages = {2430},
  year = {2010},
}

@article{Solovev_09,
  title = {Catalytic Microtubular Jet Engines Self-Propelled by Accumulated Gas Bubbles},
  author = {Solovev, A. A. and Mei, Y. and Berm{\'u}dez Ure{\~n}a, E. and Huang, G. and Schmidt, O. G.},
  journal = {Small},
  volume = {5},
  pages = {1688},
  year = {2009},
}

@article{Sokolov_10,
  title = {Swimming bacteria power microscopic gears},
  author = {Sokolov, A. and Apodaca, M. M. and Grzybowski, B. A. and Aranson, I. S.}, 
  journal = {Proc. Natl. Acad. Sci.},
  volume = {107}, 
  pages = {969}, 
  year = {2010}, 
}

@article{Moran_10,
  title = {Locomotion of electrocatalytic nanomotors due to reaction induced charge autoelectrophoresis},
  author = {Moran, J.L. and Wheat, P.M. and Posner, J.D.},
  journal = {Phys. Rev. E},
  volume = {81},
  pages = {065302},
  year = {2010},
}

@article{Schwarz_12,
  title = {Phase separation and rotor self-assembly in active particle suspensions},
  author = {Schwarz-Linek, J. and Valeriani, C. and Cacciuto, A. and Cates, M. E. and Marenduzzo, D. and Morozov, A. N. and Poon, W. C. K.}, 
  journal = {Proc. Natl. Acad. Sci.},
  volume = {109}, 
  pages = {4052}, 
  year = {2012}, 
}

@article{Sabass_12b,
  title = {Nonlinear, electrocatalytic swimming in the presence of salt},
  author = {Sabass, B. and Seifert, U.},
  journal = {J. Chem. Phys.},
  volume = {136},
  pages = {214507},
  year = {2012},
}

@article{Sabass_12a,
  title = {Dynamics and efficiency of a self-propelled, diffusiophoretic swimmer},
  author = {Sabass, B. and Seifert, U.},
  journal = {J. Chem. Phys.},
  volume = {136},
  pages = {064508},
  year = {2012},
}

@article{Romanczuk_09,
  title = {Collective Motion due to Individual Escape and Pursuit Response},
  author = {Romanczuk, P. and Couzin, I. D. and Schimansky-Geier, L.},
  journal = {Phys. Rev. Lett.},
  volume = {102},
  pages = {010602},
  year = {2009},
}

@article{Roeckner_07,
  title = {Chemically Powered Nanodimers},
  author = {R{\"u}ckner, G. and Kapral, R.},
  journal = {Phys. Rev. Lett.},
  volume = {98},
  issue = {15},
  pages = {150603},
  year = {2007},
}

@article{Reufer_13,
  title = {Switching of swimming modes in Magnetospirillium gryphiswaldense},
  author = {Reufer, M. and Besseling, R. and Schwarz-Linek, J. and Martinez, V. A. and Morozov, A. N. and Arlt, J. and Trubitsyn, D. and Ward, B. and Poon, W. C. K.},
  journal = {arXiv},
  volume = {1307.2459 },
  pages = {1},
  year = {2013},
} 

@article{Reinmueller_13,
  title = {Self-Organized Cooperative Swimming at Low Reynolds Numbers},
  author = {Reinm{\"u}ller, A. and Sch{\"o}pe, H. J. and Palberg, T.},
  journal = {Langmuir},
  volume = {29},
  pages = {1738},
  year = {2013},
}

@article{Redner_13,
  title = {Reentrant phase behavior in active colloids with attraction},
  author = {Redner, G. S. and Baskaran, A. and Hagan, M. F.},
  journal = {Phys. Rev. E},
  volume = {88},
  pages = {012305},
  year = {2013},
}

@article{Qi_13,
  title = {Phase diagram of octapod-shaped nanocrystals in a quasi-two-dimensional planar geometry},
  author = {Qi, W. and de Graaf, J. and Qiao, F. and Marras, S. and Manna, L. and Dijkstra, M.},
  journal = {J. Chem. Phys.},
  volume = {138},
  pages = {154504},
  year = {2013},
}

@article{Qi_12,
  title = {Ordered Two-Dimensional Superstructures of Colloidal Octapod-Shaped Nanocrystals on Flat Substrates},
  author = {Qi, W. and de Graaf, J. and Qiao, F. and Marras, S. and Manna, L. and Dijkstra, M.},
  journal = {Nano Lett.},
  volume = {12},
  pages = {5299},
  year = {2012},
}

@article{Pototsky_13,
  title = {Rectification of self-propelled particles by symmetric barriers},
  author = {Pototsky, A. and Hahn, A. M. and Stark, H.},
  journal = {Phys. Rev. E},
  volume = {87},
  pages = {042124},
  year = {2013},
}

@article{Popescu_11,
  title = {Pulling and pushing a cargo with a catalytically active carrier},
  author = {Popescu, M. N. and Tasinkevych, M. and Dietrich, S.},
  journal = {Europhys. Lett.},
  volume = {95},
  pages = {28004},
  year = {2011},
}

@article{Popescu_10,
  title = {Phoretic motion of spheroidal particles due to self-generated solute gradients},
  author = {Popescu, M.N. and Dietrich, S. and Tasinkevych, M. and Ralston, J.}, 
  journal = {Eur. Phys. J. E},
  volume = {31}, 
  pages = {351}, 
  year = {2010}, 
}

@article{Paxton_04,
  title = {Catalytic Nanomotors:  Autonomous Movement of Striped Nanorods},
  author = {Paxton, W. F. and Kistler, K. C. and Olmeda, C. C. and Sen, A. and St. Angelo, S. K. and Cao, Y. and Mallouk, T. E. and Lammert, P. E. and Crespi, V. H.},
  journal = {J. Am. Chem. Soc.},
  volume = {126},
  pages = {13424},
  year = {2004},
}

@article{Palacci_13,
  title = {Living Crystals of Light-Activated Colloidal Surfers},
  author = {Palacci, J. and Sacanna, S. and Steinberg, A. P. and Pine, D. J. and Chaikin, P. M.}, 
  journal = {Science},
  volume = {339}, 
  pages = {936}, 
  year = {2013}, 
}

@article{Pagonabarraga_13,
  title = {The structure and rheology of sheared model swimmer suspensions},
  author = {Pagonabarraga, I. and Llopis, I.},
  journal = {Soft Matter},
  volume = {9},
  pages = {7174},
  year = {2013},
}

@article{Ni_12,
  title = {Phase diagram of colloidal hard superballs: from cubes via spheres to octahedra},
  author = {Ni, Ran and Gantapara, A. P. and de Graaf, J. and van Roij, R. and Dijkstra, M.},
  journal = {Soft Matter},
  volume = {8},
  pages = {8826},
  year = {2012},
}

@article{Miszta_11,
  title = {Hierarchical self-assembly of suspended branched colloidal nanocrystals into superlattice structures},
  author = {Miszta, K. and de Graaf, J. and Bertoni, G. and Dorfs, D. and Brescia, R. and Marras, S. and Ceseracciu, L. and Cingolani, R. and van Roij, R. and Dijkstra, M. and Manna, L.},
  journal = {Nature Mater.},
  volume = {10},
  pages = {872},
  year = {2011},
}

@article{Mirkovic_10,
  title = {Fuel for Thought: Chemically Powered Nanomotors Out-Swim Nature’s Flagellated Bacteria},
  author = {Mirkovic, T. and Zacharia, N. S. and Scholes, G. D. and Ozin, G. A.},
  journal = {ACS Nano},
  volume = {4},
  pages = {1782},
  year = {2010},
}

@article{Mino_11,
  title = {Enhanced Diffusion due to Active Swimmers at a Solid Surface},
  author = {Mi{\~n}o, G. and Mallouk, T. E. and Darnige, T. and Hoyos, M. and Dauchet, J. and Dunstan, J. and Soto, R. and Wang, Y. and Rousselet, A. and Clement, E.},
  journal = {Phys. Rev. Lett.},
  volume = {106},
  pages = {048102},
  year = {2011},
}

@article{Mijalkov_13,
  title = {Sorting of chiral microswimmers},
  author = {Mijalkov, M. and Volpe, G.},
  journal = {Soft Matter},
  volume = {9},
  pages = {6376},
  year = {2013},
}

@article{Mei_11,
  title = {{Rolled-up nanotech on polymers: from basic perception to self-propelled catalytic microengines}},
  author = {Mei, Y. and Solovev, A. A. and Sanchez, S. and Schmidt, O. G.},
  journal = {Chem. Soc. Rev.},
  volume = {40},
  pages = {2109},
  year = {2011},
}

@article{Mallouk_09,
  title = {Powering Nanorobots},
  author = {Mallouk, T. E. and Sen, A.},
  journal = {Sci. Am.},
  volume = {300},
  pages = {72},
  year = {2009},
}

@article{Lugli_11,
  title = {Shape Governs the Motion of Chemically Propelled Janus Swimmers},
  author = {Lugli, F. and Brini, E. and Zerbetto, F.},
  journal = {J. Phys. Chem. C},
  volume = {116},
  pages = {592},
  year = {2012},
}

@article{Llopis_06,
  title = {Dynamic regimes of hydrodynamically coupled self-propelling particles},
  author = {Llopis, I. and Pagonabarraga, I.},
  journal = {Europhys. Lett.},
  volume = {75},
  pages = {999},
  year = {2006},
}

@article{Lobaskin_13,
  title = {Collective dynamics in systems of active Brownian particles with dissipative interactions},
  author = {Lobaskin, V. and Romenskyy, M.},
  journal = {Phys. Rev. E},
  volume = {87},
  pages = {052135},
  year = {2013},
}

@article{Limbach_06,
  title = {{ESPResSo} -- An Extensible Simulation Package for Research on Soft Matter Systems},
  author = {Limbach, H. J. and Arnold, A. and Mann, B. A. and Holm, C.},
  journal = {Comp. Phys. Comm.},
  volume = {174},
  pages = {704},
  year = {2006},
}

@article{Di_Leonardo_10,
  title = {Bacterial ratchet motors},
  author = {Di Leonardo, R. and Angelani, L. and Dell'Arciprete, D. and Ruocco, G. and Iebba, V. and Schippa, S. and Conte, M. P. and Mecarini, F. and De Angelis, F. and Di Fabrizio, E.}, 
  journal = {Proc. Natl. Acad. Sci.},
  volume = {107},
  pages = {9541}, 
  year = {2010}, 
}

@article{Lambert_10,
  title = {Collective Escape of Chemotactic Swimmers through Microscopic Ratchets},
  author = {Lambert, G. and Liao, D. and Austin, R. H.},
  journal = {Phys. Rev. Lett.},
  volume = {104},
  pages = {168102},
  year = {2010},
}

@inproceedings{Ladd_89,
  title = {Cellular automata and modeling of complex physical systems},
  author = {Ladd, A. J. C. and Frenkel, D.},
  booktitle = {Proceedings of the Winter School, Les Houches, France, February 21–28},
  editor = {Manneville, P. and Boccara, N. and Vichniac, G. Y. and Bidaux, R.},
  volume = {46},
  series = {Springer Proceedings in Physics},
  pages = {242},
  publisher = {Springer (Berlin)},
  year = {1989},
}

@article{Koemmel_13,
  title = {Circular Motion of Asymmetric Self-Propelling Particles},
  author = {K{\"u}mmel, F. and ten Hagen, B. and Wittkowski, R.l and Buttinoni, I. and Eichhorn, R. and Volpe, G. and L{\"o}wen, H. and Bechinger, C.},
  journal = {Phys. Rev. Lett.},
  volume = {110},
  pages = {198302},
  year = {2013},
}

@article{Klinkigt_13,
  title = {Cluster formation in systems of shifted-dipole particles},
  author = {Klinkigt, M. and Weeber, R. and Kantorovich, S. and Holm, C.},
  journal = {Soft Matter},
  volume = {9},
  pages = {3535-3546},
  year = {2013},
}

@article{Kantsler_13,
  title = {Ciliary contact interactions dominate surface scattering of swimming eukaryotes},
  author = {Kantsler, V. and Dunkel, J. and Polin, M. and Goldstein, R. E.}, 
  journal = {Proc. Natl. Acad. Sci.},
  volume = {110}, 
  pages = {1187}, 
  year = {2013}, 
}

@article{Kantorovich_11,
  title = {Magnetic particles with shifted dipoles},
  author = {Kantorovich, S. and Weeber, R. and Cerd{\`a}, J. J. and Holm, C.},
  journal = {J. Magn. Magn. Mater.},
  volume = {323},
  pages = {1269},
  year = {2011},
}

@article{Kaiser_13,
  title = {Capturing self-propelled particles in a moving microwedge},
  author = {Kaiser, A. and Popowa, K. and Wensink, H. H. and L{\"o}wen, H.},
  journal = {arXiv},
  volume = {1307.0030},
  pages = {1},
  year = {2013},
} 

@article{Kaiser_12,
  title = {How to Capture Active Particles},
  author = {Kaiser, A. and Wensink, H. H. and L{\"o}wen, H.},
  journal = {Phys. Rev. Lett.},
  volume = {108},
  pages = {268307},
  year = {2012},
}

@article{Jepson_13,
  title = {Enhanced diffusion of non-swimmers in a 3D bath of motile bacteria},
  author = {Jepson, A. and Martinez, V. A. and Schwarz-Linek, J. and Morozov, A. N. and Poon, W. C. K.},
  journal = {arXiv},
  volume = {1307.1274},
  pages = {1},
  year = {2013},
} 

@article{Ishikawa_11,
  title = {Energy Transport in a Concentrated Suspension of Bacteria},
  author = {Ishikawa, T. and Yoshida, N. and Ueno, H. and Wiedeman, M. and Imai, Y. and Yamaguchi, T.},
  journal = {Phys. Rev. Lett.},
  volume = {107},
  pages = {028102},
  year = {2011},
}

@article{Howse_07,
  title = {Self-Motile Colloidal Particles: From Directed Propulsion to Random Walk},
  author = {Howse, J. R. and Jones, R. A. L. and Ryan, A. J. and Gough, T. and Vafabakhsh, R. and Golestanian, R.},
  journal = {Phys. Rev. Lett.},
  volume = {99},
  pages = {048102},
  year = {2007},
}

@article{Harazim_12,
  title = {Fabrication and applications of large arrays of multifunctional rolled-up SiO/SiO2 microtubes},
  author = {Harazim, S. M. and Xi, W. and Schmidt, C. K. and Sanchez, S. and Schmidt, O. G.},
  journal = {J. Mater. Chem.},
  volume = {22},
  pages = {2878-2884},
  year = {2012},
}

@article{Gregoire_04,
  title = {Onset of Collective and Cohesive Motion},
  author = {Gr{\'e}goire, G. and Chat{\'e}, H.},
  journal = {Phys. Rev. Lett.},
  volume = {92},
  pages = {025702},
  year = {2004},
}

@article{de_Graaf_12c,
  title = {A Roadmap for the Assembly of Polyhedral Particles},
  author = {de Graaf, J. and Manna, L.}, 
  journal = {Science},
  volume = {337},  
  pages = {417}, 
  year = {2012},
}

@article{de_Graaf_12b,
  title = {Electrostatic interactions between Janus particles},
  author = {de Graaf, J. and Boon, N. and Dijkstra, M. and van Roij, R.},
  journal = {J. Chem. Phys.},
  volume = {137},
  pages = {104910},
  year = {2012},
}

@article{de_Graaf_12a,
  title = {Crystal-structure prediction via the Floppy-Box Monte Carlo algorithm: Method and application to hard (non)convex particles},
  author = {de Graaf, J. and Filion, L. and Marechal, M. and van Roij, R. and Dijkstra, M.},
  journal = {J. Chem. Phys.},
  volume = {137},
  pages = {214101},
  year = {2012},
}

@article{de_Graaf_11,
  title = {Dense Regular Packings of Irregular Nonconvex Particles},
  author = {de Graaf, J. and van Roij, R. and Dijkstra, M.},
  journal = {Phys. Rev. Lett.},
  volume = {107},
  pages = {155501},
  year = {2011},
}

@article{de_Graaf_10,
  author = {de Graaf, J. and Dijkstra, M. and van Roij, R.},
  title = {Adsorption trajectories and free-energy separatrices for colloidal particles in contact with a liquid-liquid interface},
  journal = {J. Chem. Phys.},
  volume = {132},
  pages = {164902},
  year = {2010},
}

@article{de_Graaf_09,
  author = {de Graaf, J. and Dijkstra, M. and van Roij, R.},
  title = {Triangular tessellation scheme for the adsorption free energy at the liquid-liquid interface: Towards nonconvex patterned colloids},
  journal = {Phys. Rev. E},
  volume = {80},
  pages = {051405},
  year = {2009},
}

@article{de_Graaf_08,
  title = {Spontaneous charging and crystallization of water droplets in oil},
  author = {de Graaf, J. and Zwanikken, J. and Bier, M. and Baarsma, A. and Oloumi, Y. and Spelt, M. and van Roij, R.},
  journal = {J. Chem. Phys.},
  volume = {129},
  pages = {194701},
  year = {2008},
}

@article{Goldstein_11,
  title = {Emergence of Synchronized Beating during the Regrowth of Eukaryotic Flagella},
  author = {Goldstein, R. E. and Polin, M. and Tuval, I.},
  journal = {Phys. Rev. Lett.},
  volume = {107},
  pages = {148103},
  year = {2011},
}

@article{Goldstein_09,
  title = {Noise and Synchronization in Pairs of Beating Eukaryotic Flagella},
  author = {Goldstein, R. E. and Polin, M. and Tuval, I.},
  journal = {Phys. Rev. Lett.},
  volume = {103},
  pages = {168103},
  year = {2009},
}

@article{Gantapara_13,
  title = {Phase Diagram and Structural Diversity of a Family of Truncated Cubes: Degenerate Close-Packed Structures and Vacancy-Rich States},
  author = {Gantapara, A. P. and de Graaf, J. and van Roij, R. and Dijkstra, M.},
  journal = {Phys. Rev. Lett.},
  volume = {111},
  pages = {015501},
  year = {2013},
}

@article{Galajda_07,
  title = {A Wall of Funnels Concentrates Swimming Bacteria},
  author = {Galajda, P. and Keymer, J. and Chaikin, P. and Austin, R.},
  journal = {J. Bacteriol.},
  volume = {189},
  pages = {8704},
  year = {2007},
}

@article{Fournier_05,
  title = {Synthetic self-propelled nanorotors},
  author = {Fournier-Bidoz, S. and Arsenault, A. C. and Manners, I. and Ozin, G. A.},
  journal = {Chem. Commun.},
  volume = {NA},
  pages = {441},
  year = {2005},
}

@article{Evers_13,
  title = {Low-Dimensional Semiconductor Superlattices Formed by Geometric Control over Nanocrystal Attachment},
  author = {Evers, W. H. and Goris, B. and Bals, S. and Casavola, M. and de Graaf, J. and Roij, R. van and Dijkstra, M. and Vanmaekelbergh, D.},
  journal = {Nano Lett.},
  volume = {13},
  pages = {2317},
  year = {2013},
}

@article{Elgeti_10,
  title = {Hydrodynamics of Sperm Cells near Surfaces},
  author = {Elgeti, J. and Kaupp, U. B. and Gompper, G.},
  journal = {Biophys. J.},
  volume = {99},
  pages = {1018},
  year = {2010},
}

@article{Ebbens_12,
  author = {Ebbens, S. and Tu, M.-H. and Howse, J. R. and Golestanian, R.},
  title = {Size dependence of the propulsion velocity for catalytic Janus-sphere swimmers},
  journal = {Phys. Rev. E},
  volume = {85},
  pages = {020401},
  year = {2012},
}

@article{Dunkel_13,
  title = {Fluid Dynamics of Bacterial Turbulence},
  author = {Dunkel, J. and Heidenreich, S. and Drescher, K. and Wensink, H. H. and B{\"a}r, M. and Goldstein, R. E.},
  journal = {Phys. Rev. Lett.},
  volume = {110},
  pages = {228102},
  year = {2013},
}

@article{Drocco_12,
  title = {Bidirectional sorting of flocking particles in the presence of asymmetric barriers},
  author = {Drocco, J. A. and Olson Reichhardt, C. J. and Reichhardt, C.},
  journal = {Phys. Rev. E},
  volume = {85},
  pages = {056102},
  year = {2012},
}

@article{Dombrowski_04,
  title = {Self-Concentration and Large-Scale Coherence in Bacterial Dynamics},
  author = {Dombrowski, C. and Cisneros, L. and Chatkaew, S. and Goldstein, R. E. and Kessler, J. O.},
  journal = {Phys. Rev. Lett.},
  volume = {93},
  pages = {098103},
  year = {2004},
}

@incollection{Doenweg_09,
  title = {Lattice Boltzmann Simulations of Soft Matter Systems},
  author = {D{\"u}nweg, B. and Ladd, A. J. C.},
  booktitle = {Advanced Computer Simulation Approaches for Soft Matter Sciences III},
  editor = {Holm, C. and Kremer, K.},
  volume = {221},
  series = {Advances in Polymer Science},
  pages = {89},
  publisher = {Springer (Berlin/Heidelberg)},
  year = {2009},
}

@article{Dhar_06,
  title = {Autonomously Moving Nanorods at a Viscous Interface},
  author = {Dhar, P. and Fischer, Th. M. and Wang, Y. and Mallouk, T. E. and Paxton, W. F. and Sen, A.},
  journal = {Nano Lett.},
  volume = {6},
  pages = {66},
  year = {2006},
}

@article{Crenshaw_96,
  title = {A New Look at Locomotion in Microorganisms: Rotating and Translating},
  author = {Crenshaw, H. C.}, 
  journal = {Am. Zool.},
  volume = {36}, 
  pages = {608}, 
  year = {1996}, 
}

@article{Chen_12,
  title = {Scale-Invariant Correlations in Dynamic Bacterial Clusters},
  author = {Chen, X. and Dong, X. and Be'er, A. and Swinney, H. L. and Zhang, H. P.},
  journal = {Phys. Rev. Lett.},
  volume = {108},
  pages = {148101},
  year = {2012},
}

@article{Cavagna_10,
  title = {Scale-free correlations in starling flocks},
  author = {Cavagna, A. and Cimarelli, A. and Giardina, I. and Parisi, G. and Santagati, R. and Stefanini, F. and Viale, M.}, 
  journal = {Proc. Natl. Acad. Sci.},
  volume = {107}, 
  pages = {11865}, 
  year = {2010},
}

@article{Buttinoni_12,
  author = {Buttinoni, I. and Volpe, G. and K{\"u}mmel, F. and Volpe, G. and Bechinger, C.},
  title = {Active Brownian motion tunable by light},
  journal = {J. Phys.: Condens. Matter},
  volume = {24},
  pages = {284129},
  year = {2012},
}

@article{Bier_09,
  title = {Curvature dependence of the electrolytic liquid-liquid interfacial tension},
  author = {Bier, M. and de Graaf, J. and Zwanikken, J and van Roij, R.},
  journal = {J. Chem. Phys.},
  volume = {130},
  pages = {024703},
  year = {2009},
}

@article{Bialke_13,
  title = {Microscopic theory for the phase separation of self-propelled repulsive disks},
  author = {Bialk{\'e}, J. and L{\"o}wen, H. and Speck, T.},
  journal = {arXiv},
  volume = {1307.4908},
  pages = {1},
  year = {2013},
}

@article{Bialke_12,
  title = {Crystallization in a Dense Suspension of Self-Propelled Particles},
  author = {Bialk{\'e}, J. and Speck, T. and L{\"o}wen, H.},
  journal = {Phys. Rev. Lett.},
  volume = {108},
  pages = {168301},
  year = {2012},
}

@article{Berdakin_13b,
  title = {Quantifying the sorting efficiency of self-propelled run-and-tumble swimmers by geometrical ratchets},
  author = {Berdakin, I. and Silhanek, A. V. and Moyano, H. N. and Marconi, V. I. and Condat, C. A.},
  journal = {arXiv},
  volume = {1305.5434},
  pages = {1},
  year = {2013},
}

@article{Berdakin_13a,
  title = {Influence of swimming strategy on microorganism separation by asymmetric obstacles},
  author = {Berdakin, I. and Jeyaram, Y. and Moshchalkov, V. V. and Venken, L. and Dierckx, S. and Vanderleyden, S. J. and Silhanek, A. V. and Condat, C. A. and Marconi, V. I.},
  journal = {Phys. Rev. E},
  volume = {87},
  pages = {052702},
  year = {2013},
}

@article{Bayly_11,
  title = {Propulsive Forces on the Flagellum during Locomotion of Chlamydomonas reinhardtii},
  author = {Bayly, P. V. and Lewis, B. L. and Ranz, E. C. and Okamoto, R. J. and Pless, R. B. and Dutcher, S. K.}, 
  journal = {Biophys. J.},
  volume = {100}, 
  pages = {2716}, 
  year = {2011}, 
}

@article {Baraban_13c,
  title = {Chemotactic Behavior of Catalytic Motors in Microfluidic Channels},
  author = {Baraban, L. and Harazim, S. M. and Sanchez, S. and Schmidt, O. G.},
  journal = {Angew. Chem. Int. Ed.},
  volume = {52},
  pages = {5552},
  year = {2013},
}

@article{Baraban_13b,
  title = {Control over Janus micromotors by the strength of a magnetic field},
  author = {Baraban, L. and Makarov, D. and Schmidt, O. G. and Cuniberti, G. and Leiderer, P. and Erbe, A.},
  journal = {Nanoscale},
  volume = {5},
  pages = {1332},
  year = {2013},
}

@article{Baraban_13a,
  title = {Fuel-Free Locomotion of Janus Motors: Magnetically Induced Thermophoresis},
  author = {Baraban, L. and Streubel, R. and Makarov, D. and Han, L. and Karnaushenko, D. and Schmidt, O. G. and Cuniberti, G.},
  journal = {ACS Nano},
  volume = {7},
  pages = {1360},
  year = {2013},
}

@article{Baraban_12a,
  title = {Transport of cargo by catalytic Janus micro-motors},
  author = {Baraban, L. and Tasinkevych, M. and Popescu, M. N. and Sanchez, S. and Dietrich, S. and Schmidt, O. G.},
  journal = {Soft Matter},
  year = {2012},
  volume = {8},
  pages = {48},
}

@article{Baraban_12b,
  title = {Catalytic Janus Motors on Microfluidic Chip: Deterministic Motion for Targeted Cargo Delivery},
  author = {Baraban, L. and Makarov, D. and Streubel, R. and M\"{o}nch, I. and Grimm, D. and Sanchez, S. and Schmidt, O. G.},
  journal = {ACS Nano},
  volume = {6},
  pages = {3383},
  year = {2012},
}

@article{Baraban_08,
  title = {Frustration-induced magic number clusters of colloidal magnetic particles},
  author = {Baraban, L. and Makarov, D. and Albrecht, M. and Rivier, N. and Leiderer, P. and Erbe, A.},
  journal = {Phys. Rev. E},
  volume = {77},
  pages = {031407},
  year = {2008},
}

@article{Ballerini_08,
  title = {Interaction ruling animal collective behavior depends on topological rather than metric distance: Evidence from a field study},
  author = {Ballerini, M. and Cabibbo, N. and Candelier, R. and Cavagna, A. and Cisbani, E. and Giardina, I. and Lecomte, V. and Orlandi, A. and Parisi, G. and Procaccini, A. and Viale, M. and Zdravkovic, V.}, 
  journal = {Proc. Natl. Acad. Sci.},
  volume = {105}, 
  pages = {1232}, 
  year = {2008},  
}

@inproceedings{Arnold_13,
  title = {{ESPResSo 3.1 --- Molecular Dynamics Software for Coarse-Grained	Models}},
  author = {Arnold, A. and Lenz, O. and Kesselheim, S. and Weeber, R. and Fahrenberger, F. and Roehm, D. and Ko\v{s}ovan, P. and Holm, C.},
  booktitle = {Meshfree Methods for Partial Differential Equations {VI}},
  editor = {Griebel, M. and Schweitzer, M. A.},
  volume = {89},
  series = {Lecture Notes in Computational Science and Engineering},
  pages = {1},
  publisher = {Springer},
  year = {2013},
}

@article{Angelani_11,
  title = {Active ratchets},
  author = {Angelani, L. and Costanzo, A. and Di Leonardo, R.},
  journal = {Europhys. Lett.},
  volume = {96},
  pages = {68002},
  year = {2011},
}

@article{Angelani_09,
  title = {Self-Starting Micromotors in a Bacterial Bath},
  author = {Angelani, L. and Di Leonardo, R. and Ruocco, G.},
  journal = {Phys. Rev. Lett.},
  volume = {102},
  pages = {048104},
  year = {2009},
}

@article{Abrikosov_13,
  title = {Self-assembly of spherical colloidal particles with off-centered magnetic dipoles},
  author = {Abrikosov, A. I. and Sacanna, S. and Philipse, A. P. and Linse, P.},
  journal = {Soft Matter},
  volume = {NA},
  pages = {0},
  year = {2013},
}

@article{UG,
  author = {Arnold et al., A.},
  title  = {ESPResSo User Guide},
  journal  = {User Guide: ESPResSo git repository},
  year  = {2015},
  volume  = {3.4-dev-1404-g32d3874},
  pages  = {1},
}

@article{fischer15,
  title   = {The Raspberry Model for Hydrodynamic Interactions Revisited. I. Periodic Arrays of Spheres and Dumbbells},
  journal = {J. Chem. Phys.},
  volume  = {143},
  pages   = {084107},
  year    = {2015},
  author  = {L.P. Fischer and T. Peter and C. Holm and J. de Graaf},
}

@article{degraaf15,
  title   = {The Raspberry Model for Hydrodynamic Interactions Revisited. II. The Effect of Confinement},
  journal = {J. Chem. Phys.},
  volume  = {143},
  pages   = {084108},
  year    = {2015},
  author  = {J. de Graaf and T. Peter and L.P. Fischer and C. Holm},
}

@article{lobaskin04, 
    author  = {V. Lobaskin and B. D\"unweg},
    title   = {A new model of simulating colloidal dynamics},
    journal = {New J. Phys.},
    volume  = {6},
    year    = {2004},
    pages   = {54},
}

@article{chatterji05,
    author  = {A. Chatterji and J. Horbach},
    title   = {Combining molecular dynamics with Lattice Boltzmann: A hybrid method for the simulation of (charged) colloidal systems},
    journal = {J. Chem. Phys.},
    volume  = {122},
    year    = {2005},
    pages   = {184903},
}

@article{einstein06, 
    author  = {A. Einstein},
    title   = {Eine neue Bestimmung der Molek{\"u}ldimension},
    journal = {Ann. Phys.},
    volume  = {19},
    year    = {1906},
    pages   = {289},
}

@article{roehm12,
  author    = {D. Roehm and A. Arnold},
  title     = {Lattice Boltzmann simulations on {GPU}s with {ESPResSo}},
  journal   = {Eur. Phys. J. ST},
  year      = {2012},
  volume    = {210},
  pages     = {73}
}

@article{Mizuno07,
  author    = {Mizuno, D. and Tardin, C. and Schmidt, C.F. and MacKintosh, F.C.}, 
  title     = {Nonequilibrium Mechanics of Active Cytoskeletal Networks},
  volume    = {315}, 
  pages     = {370}, 
  year      = {2007},  
  journal   = {Science} 
}

@article{Berdakin13a,
  title     = {Influence of swimming strategy on microorganism separation by asymmetric obstacles},
  author    = {Berdakin, I. and Jeyaram, Y. and Moshchalkov, V.V. and Venken, L. and Dierckx, S. and Vanderleyden, S.J. and Silhanek, A.V. and Condat, C.A. and Marconi, V.I.},
  journal   = {Phys. Rev. E},
  volume    = {87},
  pages     = {052702},
  year      = {2013},
}


@article{Berdakin13b,
  title     = {Quantifying the sorting efficiency of self-propelled run-and-tumble swimmers by geometrical ratchets},
  author    = {Berdakin, I. and Silhanek, A.V. and Moyano, H.N. and Marconi, V.I. and Condat, C.A.},
  journal   = {Central Euro. J. Phys.},
  volume    = {12},
  pages     = {1653},
  year      = {2013},
}

@article{Spagnolie_12,
  author    = {Spagnolie, S.E. and Lauga, E.},
  title     = {Hydrodynamics of self-propulsion near a boundary: predictions and accuracy of far-field approximations},
  journal   = {J. Fluid Mech.},
  volume    = {700},
  year      = {2012},
  pages     = {105},
}

@article{Morozov_14,
  author    = {A. Morozov and D. Marenduzzo},
  title     = {Enhanced diffusion of tracer particles in dilute bacterial suspensions},
  journal   = {Soft Matter},
  volume    = {10},
  year      = {2014},
  pages     = {2748},
}

@article{Zoettl_14,
  title     = {Hydrodynamics Determines Collective Motion and Phase Behavior of Active Colloids in Quasi-Two-Dimensional Confinement},
  author    = {Z\"ottl, Andreas and Stark, Holger},
  journal   = {Phys. Rev. Lett.},
  volume    = {112},
  pages     = {118101},
  year      = {2014},
}

