



@book{succi01a,
	Address = {Oxford},
	Annote = {LDR    01388cam  22003014a 4500
001    12432906
005    20060721200843.0
008    010606s2001    enka     b    001 0 eng  
906    $a7$bcbc$corignew$d1$eocip$f20$gy-gencatlg
925 0  $aacquire$b2 shelf copies$xpolicy default
955    $ato ASCD pc16 06-06-01; jp00 recd 06-07-01; jp20 06-07-01 to subj; jp99 to SL 06-08-01; jp85 to Dewey 06-12-01; aa01 06-14-01$aps13 2001-08-15 bk rec'd, to CIP ver.$fpv08 2001-08-27 CIP ver. to BCCD$ajp01 2001-11-21 c. 2 to BCCD
010    $a  2001036220
020    $a0198503989 (acid-free paper)
040    $aDLC$cDLC$dDLC
042    $apcc
050 00 $aQC175.2$b.S78 2001
082 00 $a530.13/8$221
100 1  $aSucci, S.
245 14 $aThe lattice Boltzmann equation for fluid dynamics and beyond /$cSauro Succi.
260    $aOxford :$bClarendon Press ;$aNew York :$bOxford University Press,$c2001.
300    $axvi, 288 p. :$bill. ;$c25 cm.
440  0 $aNumerical mathematics and scientific computation
504    $aIncludes bibliographical references (p. 263-279) and index.
650  0 $aTransport theory.
650  0 $aKinetic theory of gases.
650  0 $aEvolution equations.
856 41 $3Table of contents only$uhttp://www.loc.gov/catdir/enhancements/fy0612/2001036220-t.html
856 42 $3Publisher description$uhttp://www.loc.gov/catdir/enhancements/fy0612/2001036220-d.html
},
	Author = {Succi, S},
	Call-Number = {QC175.2},
	Date-Added = {2010-10-12 23:48:14 +0200},
	Date-Modified = {2010-10-12 23:48:14 +0200},
	Dewey-Call-Number = {530.13/8},
	Genre = {Transport theory},
	Isbn = {0198503989 (acid-free paper)},
	Library-Id = {2001036220},
	Publisher = {Clarendon Press},
	Title = {The lattice Boltzmann equation for fluid dynamics and beyond},
	Url = {http://www.loc.gov/catdir/enhancements/fy0612/2001036220-t.html},
	Year = {2001},
	Bdsk-Url-1 = {http://www.loc.gov/catdir/enhancements/fy0612/2001036220-t.html}}

@inbook{duenweg09a,
	Author = {D\"{u}nweg, B. and Ladd, A. J. C.},
	Chapter = {II},
	Date-Added = {2010-10-12 23:46:26 +0200},
	Date-Modified = {2010-10-12 23:46:26 +0200},
	Editor = {Holm, C. and Kremer, K.},
	Pages = {89--166},
	Publisher = {Springer},
	Title = {Advanced Computer Simulation Approaches for Soft Matter Sciences III},
	Year = {2009}}

@article{duenweg07a,
	Author = {B. D{\"u}nweg and U. Schiller and A.J.C. Ladd},
	Date-Added = {2010-10-08 16:03:10 +0200},
	Date-Modified = {2010-10-08 16:03:10 +0200},
	Journal = {Phys. Rev. E},
	Owner = {dommert},
	Pages = {36704},
	Timestamp = {2009.03.16},
	Title = {Statistical mechanics of the fluctuating Lattice-Boltzmann equation},
	Volume = {76},
	Year = {2007}}

@book{frenkel02b,
	Address = {San Diego},
	Author = {Daan Frenkel and Berend Smit},
	Date-Added = {2010-10-08 16:01:43 +0200},
	Date-Modified = {2010-10-08 16:01:43 +0200},
	Edition = {Second},
	Publisher = {Academic Press},
	Title = {Understanding Molecular Simulation},
	Year = {2002}}

@book{degennes79a,
	Address = {Ithaca, NY},
	Author = {P. G. de Gennes},
	Date-Added = {2010-10-08 16:00:43 +0200},
	Date-Modified = {2010-10-08 16:00:43 +0200},
	Publisher = {Cornell University Press},
	Title = {Scaling Concepts in Polymer Physics},
	Year = {1979}}

@book{doi96a,
	Address = {Oxford},
	Author = {M. Doi},
	Date-Added = {2010-10-08 16:00:28 +0200},
	Date-Modified = {2010-10-08 16:00:28 +0200},
	Publisher = {Clarendon Press},
	Title = {Introduction do Polymer Physics},
	Year = {1996}}

@book{rubinstein03a,
	Address = {Oxford, UK},
	Author = {Michael Rubinstein and Ralph H. Colby},
	Date-Added = {2010-10-08 16:00:09 +0200},
	Date-Modified = {2010-10-08 16:00:09 +0200},
	Publisher = {Oxford University Press},
	Title = {Polymer Physics},
	Year = {2003}}
