@online{vmd,
  author = {Theoretical and Computational Biophysics group at the Beckman Institute, University of Illinois at Urbana-Champaign},
  title = {{VMD} Visual Molecular Dynamics},
  year = 2015,
  url = {\url{http://www.ks.uiuc.edu/Research/vmd/}},
  urldate = {2015-10-07}
}
