% This file was created with JabRef 2.3.
% Encoding: UTF-8

﻿@ARTICLE{ballenegger,
author = {V. Ballenegger and J. J. Cerda and O. Lenz and Ch. Holm},
title = {The optimal P3M algorithm for computing electrostatic energies in periodic systems},
year = {2008},
journal = {J. Chem. Phys.},
volume = {128},
pages = {034109}
}

﻿@ARTICLE{deserno1,
author = {Markus Deserno and Christian Holm},
title = {How to mesh up Ewald sums. I. A theoretical and numerical comparison of various particle mesh routines},
year = {1998},
journal = {J. Chem. Phys.},
volume = {109},
pages = {7678}
}

﻿@ARTICLE{deserno2,
author = {Markus Deserno and Christian Holm},
title = {How to mesh up Ewald sums. II. An accurate error estimate for the particle--particle--particle-mesh algorithm},
year = {1998},
journal = {J. Chem. Phys.},
volume = {109},
pages = {7694}
}


@BOOK{Hockney,
  author = {R. W. Hockney and J. W. Eastwood},
  title = {Computer Simulation Using Particles},
  year = {1988},
  address = {Bristol},
  edition = {First},
  publisher = {Institute of Physics}
}

﻿@ARTICLE{Roehm2012,
   author = {Roehm, D. and Arnold, A.},
   title = {Lattice Boltzmann simulations on GPUs with ESPResSo},
   journal = {The European Physical Journal - Special Topics},
   pages = {89-100},
   volume = {210},
   year = {2012}
}

@ARTICLE{arnold2003ees,
  author = {Arnold, A. and Mann, BA and Limbach, HJ and Holm, C.},
  title = {{ESPResSo--An Extensible Simulation Package for Research on Soft
	Matter Systems}},
  journal = {Forschung und wissenschaftliches Rechnen},
  year = {2003},
  volume = {63},
  pages = {43--59}
}

@BOOK{frenkel02b,
  author = {Daan Frenkel and Berend Smit},
  title = {Understanding Molecular Simulation},
  year = {2002},
  address = {San Diego},
  edition = {Second},
  publisher = {Academic Press}
}

@ARTICLE{limbach2006ees,
  author = {Limbach, HJ and Arnold, A. and Mann, B.},
  title = {{ESPResSo; an extensible simulation package for research on soft
	matter systems}},
  journal = {Computer Physics Communications},
  year = {2006},
  volume = {174},
  pages = {704--727},
  number = {9}
}

@ARTICLE{wolff,
  author = {U. Wolff},
  title = {Monte carlo errors with less errors},
  journal = {Comput. Phys. Commun.},
  year = {2004},
  volume = {156},
  pages = {143-153}
}

@ARTICLE{smit,
  author = {B. Smit and K. Esselink and D. Frenkel},
  title = {Solid-solid and liquid-solid phase equilibria for the restricted primitive model},
  journal = {Mol. Phys.},
  year = {1996},
  volume = {87},
  pages = {159-166}
}

@MISC{esp_url,
  title = {http://www.espressomd.org/}
}

@MISC{tcl_tut_url,
  title = {http://www.tcl.tk/man/tcl8.5/tutorial/tcltutorial.html}
}

@MISC{tcl_url,
  title = {http://www.tcl.tk}
}

@MISC{VMD_url,
  title = {http://www.ks.uiuc.edu/Research/vmd/}
}

