% This file was created with JabRef 2.9.
% Encoding: US-ASCII
@article{ahlrichs99,
author = {Ahlrichs,Patrick  and DÃ¼nweg,Burkhard },
title = {Simulation of a single polymer chain in solution by combining lattice Boltzmann and molecular dynamics},
journal = {The Journal of Chemical Physics},
volume = {111},
number = {17},
pages = {8225-8239},
year = {1999},
doi = {10.1063/1.480156}
}

@ARTICLE{allen06,
  author = {Allen, Michael P.},
  title = {Configurational Temperature in Membrane Simulations Using Dissipative Particle Dynamics},
  journal = {J.~Phys.~Chem.~B},
  year = {2006},
  volume = {110},
  pages = {3823--3830},
  owner = {tbereau},
  timestamp = {2016.07.04}
}

@ARTICLE{andersen80a,
  author = {Andersen, Hans C.},
  title = {Molecular dynamics simulations at constant pressure and/or temperature},
  journal = {J. Chem. Phys.},
  year = {1980},
  volume = {72},
  pages = {{2384-2393}},
  number = {4},
  issn = {{0021-9606}},
  language = {{English}},
  owner = {floh},
  timestamp = {2011.03.29},
  doi = {10.1063/1.439486},
  unique-id = {{ISI:A1980JK06800026}}
}

@ARTICLE{andersen83a,
  author = {Andersen, Hans C.},
  title = {Rattle: A "Velocity" Version of the Shake Algorithm for Molecular
	Dynamics Calculations},
  journal = {J. Comput. Phys.},
  year = {1983},
  volume = {51},
  doi = {10.1016/0021-9991(83)90014-1},
  pages = {24--34}
}

@ARTICLE{arnold02b,
  author = {Axel Arnold and Christian Holm},
  title = {A novel method for calculating electrostatic interactions in 2{D}
	periodic slab geometries},
  journal = {Chem. Phys. Lett.},
  year = {2002},
  volume = {354},
  pages = {324--330},
  doi = {10.1016/S0009-2614(02)00131-8},
  owner = {olenz},
  timestamp = {2007.06.13}
}

@ARTICLE{arnold02c,
  author = {A. Arnold and J. de Joannis and C. Holm},
  title = {Electrostatics in Periodic Slab Geometries {I}},
  journal = {J. Chem. Phys.},
  year = {2002},
  volume = {117},
  pages = {2496--2502},
  doi = {10.1063/1.1491955},
  owner = {dommert},
  timestamp = {2009.03.16}
}

@ARTICLE{arnold02d,
  title = {Electrostatics in Periodic Slab Geometries {II}},
  author = {A. Arnold and J. de Joannis and C. Holm},
  journal = {J. Chem. Phys.},
  year = {2002},
  volume = {117},
  pages = {2503--2512},
  doi = {10.1063/1.1491954},
  owner = {holm},
  timestamp = {2007.02.23}
}

@ARTICLE{ballenegger09a,
  author = {V. Ballenegger and A. Arnold and J. J. Cerda},
  title = {Simulations of non-neutral slab systems with long-range electrostatic
	interactions in two-dimensional periodic boundary conditions},
  journal = {J. Chem. Phys.},
  year = {2009},
  volume = {131},
  pages = {094107},
  number = {9},
  eid = {094107},
  doi = {10.1063/1.3216473},
  numpages = {10},
  owner = {jcerda},
  publisher = {AIP},
  timestamp = {2009.11.17},
}

@article{beenakker86a,
   author = {Beenakker, C. W. J.},
   title = {Ewald sum of the Rotne--Prager tensor},
   journal = {J. Chem. Phys.},
   year = {1986},
   volume = {85},
   number = {3}, 
   pages = {1581-1582},
   doi = {10.1063/1.451199}
}

@article{belardinelli07a,
  title={Fast algorithm to calculate density of states},
  author={Belardinelli, R. E. and Pereyra, V. D.},
  journal={Phys. Rev. E},
  volume={75},
  number={4},
  pages={046701},
  year={2007},
  doi={10.1103/PhysRevE.75.046701},
  publisher={APS}
}

@ARTICLE{bereau15,
  author = {Tristan Bereau},
  title = {Multi-timestep integrator for the modified Andersen barostat},
  journal = {Physics Procedia},
  year = {2015},
  volume = {68},
  pages = {7--15},
  owner = {tbereau},
  timestamp = {2015.02.08}
}

@ARTICLE{berendsen84a,
  author = {Berendsen, H. J. C. and Postma, J. P. M. and {van Gunsteren}, W. F. and {DiNola}, A. and Haak, J. R.},
  title = {Molecular dynamics with coupling to an external bath},
  journal = {J. Chem. Phys.},
  year = {1984},
  volume = {81},
  number = {8},
  pages = {3684--3690},
  doi = {10.1063/1.448118},
  owner = {dommert},
  timestamp = {2009.03.16}
}

@ARTICLE{brodka04a,
  author = {Br{\'o}dka, A.},
  title = {Ewald summation method with electrostatic layer correction for interactions
	of point dipoles in slab geometry},
  journal = {Chem. Phys. Lett.},
  year = {2004},
  volume = {400},
  doi = {10.1016/j.cplett.2004.10.086},
  pages = {62--67}
}

@ARTICLE{chatterjee2007,
author = {Chatterjee, A.},
title = {Modification to {Lees--Edwards} periodic boundary condition for dissipative particle dynamics simulation with high dissipation rates},
journal = {Mol. Simulat.},
volume = {33},
number = {15},
pages = {1233-1236},
year = {2007},
}

@ARTICLE{Cimrak2012,
	author = {Cimr\'ak, I. and Gusenbauer, M. and Schrefl, T.},
	title = {Modelling and simulation of processes in microfluidic devices for biomedical applications},
	journal = {Computers \& Mathematics with Applications},
	year = {2012},
	number = {3},
	volume = {64},
	doi = {10.1016/j.camwa.2012.01.062},
	pages = {278--288}
}

@ARTICLE{Cimrak2014,
  author = {I. Cimr\'ak and M. Gusenbauer and I. Jan\v{c}igov\'a},
  title = {{An {ESPResSo} implementation of elastic objects immersed in a fluid}},
  journal = {Comput. Phys. Commun.},
  year = {2014},
  volume = {185},
  pages = {900 - 907},
  doi = {10.1016/j.cpc.2013.12.013},
  number = {3}
}


@article{Crowl2010,
author = {Crowl, Lindsay M and Fogelson, Aaron L},
title = {{Computational model of whole blood exhibiting lateral platelet motion induced by red blood cells}},
journal = {Int. J. Numer. Meth. Biomed. Eng.},
year = {2010},
volume = {26},
number = {3-4},
pages = {471--487},
doi = {10.1002/cnm.1274},
}

@ARTICLE{dao03,
  author = {Dao, M. and Lim, C.T. and Suresh, S.},
  title = {Mechanics of the human red blood cell deformed by optical tweezers},
  journal = {J. Mech. Phys. Solids},
  year = {2003},
  volume = {51},
  pages = {2259-2280},
  owner = {cimo},
  timestamp = {2011.09.16}
}

@ARTICLE{degraaf16,
  author = {de Graaf, Joost and Menke, Henri and Mathijssen, Arnold J.T.M. and Fabritius, Marc and Holm, Christian and Shendruk, Tyler N.},
  title = {Lattice-Boltzmann Hydrodynamics of Anisotropic Active Matter},
  journal = {J. Chem. Phys.},
  volume = {144},
  pages = {134106},
  year = {2016},
  doi = {10.1063/1.4944962},
}

@INBOOK{deserno00,
  title = {How to mesh up {E}wald sums.},
  booktitle = {Molecular Dynamics on Parallel Computers},
  publisher = {World Scientific, Singapore},
  year = {2000},
  author = {M. Deserno and C. Holm and H. J. Limbach},
  doi = {10.1142/9789812793768_0023},
  owner = {RDLimbacHJ},
  timestamp = {2007.08.29}
}

@PHDTHESIS{deserno00a,
  author = {M. Deserno},
  title = {Counterion condensation for rigid linear polyelectrolytes},
  school = {Universit{\"a}t Mainz},
  year = {2000},
  owner = {RDLimbacHJ},
  timestamp = {2007.08.29}
}

@ARTICLE{deserno98a,
  author = {M. Deserno and C. Holm},
  title = {How to mesh up {E}wald sums. {I.} {A} theoretical and numerical comparison of various particle mesh routines},
  journal = {J. Chem. Phys.},
  year = {1998},
  pages = {7678},
  volume = {109},
  doi = {10.1063/1.477414},
  owner = {dommert},
  timestamp = {2009.03.16}
}

@ARTICLE{deserno98b,
  author = {M. Deserno and C. Holm},
  title = {How to mesh up {E}wald sums. {II.} {A}n accurate error estimate for the {P}article-{P}article-{P}article-{M}esh algorithm},
  journal = {J. Chem. Phys.},
  year = {1998},
  pages = {7694},
  volume = {109},
  doi = {10.1063/1.477415},
  owner = {dommert},
  timestamp = {2009.03.16}
}

@BOOK{doi86a,
  title = {The theory of polymer dynamics},
  publisher = {Oxford Science Publications},
  year = {1986},
  author = {M Doi and S F Edwards},
  owner = {kosovan},
  timestamp = {2011.01.27}
}

@incollection{duenweg08a,
  year={2008},
  booktitle={Lattice Boltzmann Simulations of Soft Matter Systems},
  author = {D{\"u}nweg, Burkhard and Ladd, Anthony J.C.},
  doi = {10.1007/978-3-540-87706-6_2},
  language = {English},
  pages = {1--78},
  publisher = {Springer Berlin Heidelberg},
  series = {{Advances in Polymer Science}},
  title = {{Lattice Boltzmann Simulations of Soft Matter Systems}},
}

@ARTICLE{dupin07,
  author = {Dupin, M.M. and Halliday, I. and Care, C.M. and Alboul, L.},
  title = {Modeling the flow of dense suspensions of deformable particles in
	three dimensions},
  journal = {Phys. Rev. E},
  year = {2007},
  volume = {75},
  pages = {066707},
  doi = {10.1103/PhysRevE.75.066707},
  owner = {cimo},
  timestamp = {2011.01.04}
}

@ARTICLE{limbach06a,
  author = {H. J. Limbach and A. Arnold and B. A. Mann and C. Holm},
  title = {{ESPResSo} -- An Extensible Simulation Package for Research
	   on Soft Matter Systems},
  journal = {Comput. Phys. Commun.},
  year = {2006},
  volume = {174},
  pages = {704--727},
  number = {9},
  doi = {10.1016/j.cpc.2005.10.005},
  owner = {olenz},
  timestamp = {2006.08.18}
}

@INCOLLECTION{arnold13a,
  author = {A. Arnold and O. Lenz and S. Kesselheim and R. Weeber and F. Fahrenberger and D. R{\"o}hm and P. Ko\v{s}ovan and C. Holm},
  title = {{ESPResSo}~3.1 --- Molecular Dynamics Software for Coarse-Grained Models},
  booktitle = {Meshfree Methods for Partial Differential Equations {VI}},
  publisher = {Springer Berlin Heidelberg},
  year = {2013},
  editor = {M. Griebel and M. A. Schweitzer},
  series = {Lecture Notes in Computational Science and Engineering},
  pages = {1--23},
  volume = {89},
  doi = {10.1007/978-3-642-32979-1_1},
}

@ARTICLE{ewald21,
  author = {P.P. Ewald},
  title = {Die {B}erechnung optischer und elektrostatischer {G}itterpotentiale},
  journal = {Ann. Phys.},
  year = {1921},
  volume = {64},
  pages = {253-287},
  doi = {10.1002/andp.19213690304},
  owner = {RDLimbacHJ},
  timestamp = {2007.08.29}
}

@ARTICLE{fahrenberger15b,
  author = {Fahrenberger, F. and Hickey, O. A. and Smiatek, J. and Holm, C.},
  title = {Importance of varying permittivity on the conductivity of polyelectrolyte solutions},
  journal = {Phys. Rev. Lett.},
  pages = {118301},
  volume = {115},
  doi = {10.1103/PhysRevLett.115.118301},
  issue = {11},
  year = {2015}
}

@BOOK{frenkel02b,
  title = {Understanding Molecular Simulation},
  publisher = {Academic Press},
  year = {2002},
  author = {Daan Frenkel and Berend Smit},
  address = {San Diego},
  edition = {Second},
  owner = {dommert},
  timestamp = {2009.03.16}
}

@article{Gompper1996,
author = {Gompper, G and Kroll, D M},
title = {{Random surface discretizations and the renormalization of the bending rigidity}},
journal = {Journal de Physique I},
year = {1996},
volume = {6},
pages = {1305--1320}
}

@ARTICLE{hickey10a,
  author = {Hickey, Owen A. and Holm, Christian and Harden, James L. and Slater,
	Gary W.},
  title = {{Implicit Method for Simulating Electrohydrodynamics of Polyelectrolytes}},
  journal = {{Phys. Rev. Lett.}},
  year = {2010},
  volume = {{105}},
  number = {{14}},
  month = {{SEP 29}},
  doi = {10.1103/PhysRevLett.105.148301}
}

@BOOK{hockney88,
  title = {Computer Simulation Using Particles},
  publisher = {IOP},
  year = {1988},
  author = {R. W. Hockney and J. W. Eastwood},
  owner = {RDLimbacHJ},
  timestamp = {2007.08.29}
}

@ARTICLE{horowitz91,
  author = {Alan M. Horowitz},
  title = {A generalized guided Monte Carlo algorithm},
  journal = {Phys. Lett. B},
  year = {1991},
  volume = {268},
  pages = {247 - 252},
  owner = {sela},
  timestamp = {2012.03.18}
}

@article{hsu12a,
  title={Ab initio determination of coarse-grained interactions in double-stranded {DNA}},
  author={Hsu, Chia Wei and Fyta, Maria and Lakatos, Greg and Melchionna, Simone and Kaxiras, Efthimios},
  journal={J. Chem. Phys.},
  volume={137},
  number={10},
  pages={105102},
  year={2012},
  doi = {10.1063/1.4748105},
  publisher={AIP Publishing}
}

@ARTICLE{humphrey96a,
  author = {W. Humphrey and A. Dalke and K. Schulten},
  title = {{VMD}: Visual Molecular Dynamics},
  journal = {J. Mol. Graph.},
  year = {1996},
  volume = {14},
  pages = {33--38},
  doi = {10.1016/0263-7855(96)00018-5},
  owner = {dommert},
  timestamp = {2009.03.16}
}

@ARTICLE{tyagi08a,
  author = {Sandeep Tyagi and Axel Arnold and Christian Holm},
  title = {Electrostatic layer correction with image charges: A linear scaling
	method to treat slab 2{D} + h systems with dielectric interfaces},
  journal = {J. Chem. Phys.},
  year = {2008},
  volume = {129},
  pages = {204102},
  doi = {10.1063/1.3021064},
  owner = {dommert},
  timestamp = {2009.03.16},
  number = {20}
}

@ARTICLE{tyagi07a,
  author = {S. Tyagi and A. Arnold and C. Holm},
  title = {{ICMMM2D}: An accurate method to include planar dielectric interfaces
	via image charge summation},
  journal = {J. Chem. Phys.},
  year = {2007},
  volume = {127},
  doi = {10.1063/1.2790428},
  owner = {dommert},
  timestamp = {2009.03.16},
  pages = {154723}
}

@ARTICLE{junghans2008,
  author = {C. Junghans and M. Praprotnik and K. Kremer},
  title = {Transport properties controlled by a thermostat: An extended dissipative
	particle dynamics thermostat},
  journal = {Soft Matter},
  year = {2008},
  volume = {4},
  pages = {156},
  owner = {junghans},
  timestamp = {2008.09.05}
}

@ARTICLE{kesselheim11a,
  author = {Stefan Kesselheim and Marcello Sega and Christian Holm},
  title = {Applying {ICC}* to {DNA} translocation. {E}ffect of dielectric boundaries},
  journal = {Comput. Phys. Commun.},
  year = {2011},
  volume = {182},
  pages = {33 - 35},
  number = {1},
  doi = {10.1016/j.cpc.2010.08.014},
  issn = {0010-4655},
  owner = {wmueller},
  timestamp = {2011.08.02},
}

@ARTICLE{kolafa92,
  author = {Jiri Kolafa and John W. Perram},
  title = {Cutoff Errors in the {E}wald Summation Formulae for Point Charge Systems},
  journal = {Molecular Simulation},
  year = {1992},
  volume = {9},
  pages = {351-368},
  number = {5},
  doi = {10.1080/08927029208049126},
  owner = {RDLimbacHJ},
  timestamp = {2007.08.29}
}

@ARTICLE{kolb99a,
  author = {A. Kolb and B. D{\"u}nweg},
  title = {Optimized constant pressure stochastic dynamics},
  journal = {J. Chem. Phys.},
  year = {1999},
  volume = {111},
  pages = {4453--59},
  number = {10},
  owner = {dommert},
  timestamp = {2009.03.16}
}

@ARTICLE{kremer90a,
  author = {K. Kremer and G. S. Grest},
  title = {Dynamics of entangled linear polymer melts: {A} molecular-dynamics
	simulation},
  journal = {J. Chem. Phys.},
  year = {1990},
  volume = {92},
  pages = {5057},
  doi = {10.1063/1.458541},
  owner = {olenz},
  timestamp = {2007.06.15}
}

@PHDTHESIS{KruegerThesis,
author = {Kr{\"u}ger, Timm},
title = {{Computer simulation study of collective phenomena in dense suspensions of red blood cells under shear}},
school = {Universit{\"a}t Bochum},
year = {2011}
}

@Article{landsgesell17a,
title                      = {{W}ang-{L}andau Reaction Ensemble Method: {S}imulation of Weak Polyelectrolytes and General Acid-Base Reactions},
author                     = {Landsgesell, Jonas and Holm, Christian and Smiatek, Jens},
journal                    = {J. Chem. Theory Comput.},
volume                     = {13},
number                     = {2},
pages                      = {852--862},
year                       = {2017},
doi                        = {10.1021/acs.jctc.6b00791}
}

@Article{landsgesell17b,
title                      = {Simulation of weak polyelectrolytes: {A} comparison between the constant p{H} and the reaction ensemble method},
author                     = {Landsgesell, Jonas and Holm, Christian and Smiatek, Jens},
journal                    = {Eur. Phys. J. Special Topics},
year                       = {2017},
doi                        = {10.1140/epjst/e2016-60324-3}
}

@ARTICLE{lees72,
  author = {A. W. Lees and S. F. Edwards},
  title = {The computer study of transport processes under extreme conditions},
  journal = {Journal of Physics C: Solid State Physic},
  year = {1972},
  volume = {5},
  pages = {1921-1928},
  doi = {10.1088/0022-3719/5/15/006}
}

@Article{rohm12a,
  author = {Roehm, D. and Arnold, A.},
  title = {Lattice {B}oltzmann simulations on {GPU}s with {ESPResSo}},
  journal = {Eur. Phys. J. Special Topics},
  year = {2012},
  volume = {210},
  doi = {10.1140/epjst/e2012-01639-6},
  pages = {89-100},
  owner = {dominic},
  timestamp = {2012.09.11}
}

@PHDTHESIS{limbach01,
  author = {Hans J{\"o}rg Limbach},
  title = {Struktur und Eigenschaften von Polyelektrolyten im schlechten L{\"o}sungsmittel},
  school = {Universit{\"a}t Mainz},
  year = {2001},
  owner = {RDLimbacHJ},
  timestamp = {2007.08.29}
}

@ARTICLE{limbach03a,
  author = {H. J. Limbach and C. Holm},
  title = {Single-Chain Properties of Polyelectrolytes in Poor Solvent},
  journal = {J. Phys. Chem. B},
  year = {2003},
  volume = {107},
  pages = {8041--8055},
  number = {32},
  owner = {olenz},
  doi = {10.1021/jp027606p},
  timestamp = {2007.06.13}
}

@ARTICLE{magatti01a,
  author = {Magatti, D and Ferri, F},
  title = {Fast multi-tau real-time software correlator for dynamic light scattering},
  journal = {Applied Optics},
  year = {2001},
  volume = {40},
  pages = {4011-4021},
  number = {{24}},
  month = {{AUG 20}},
  doi = {10.1364/AO.40.004011},
  issn = {{0003-6935}},
  owner = {kosovan},
  timestamp = {2012.02.14},
  unique-id = {{ISI:000170543300006}}
}

@PHDTHESIS{mann05d,
  author = {Bernward A. Mann},
  title = {{The Swelling Behaviour of Polyelectrolyte Networks}},
  school = {{Johannes Gutenberg-University}},
  year = {2005},
  address = {Mainz, Germany},
  month = dec,
  owner = {dommert},
  timestamp = {2009.03.16}
}

@ARTICLE{marsili09,
  author = {S. Marsili and G.F. Signorini and R. Chelli and M. Marchi and P.
	Procacci},
  title = {ORAC: A molecular dynamics simulation program to explore free energy
	surfaces in biomolecular systems at the atomistic level},
  journal = {J. Comp. Chem.},
  year = {2009},
  volume = {31},
  pages = {1106}
}

@ARTICLE{mehlig92,
  author = {Mehlig, B. and Heermann, D. W. and Forrest, B. M.},
  title = {Hybrid Monte Carlo method for condensed-matter systems},
  journal = {Phys. Rev. B},
  year = {1992},
  volume = {45},
  pages = {679--685},
  issue = {2},
  owner = {sela},
  publisher = {American Physical Society},
  timestamp = {2012.03.18}
}

@ARTICLE{arnold05a,
  author = {A. Arnold and C. Holm},
  title = {{MMM1D}: {A} method for calculating electrostatic interactions in
	one-dimensional periodic geometries},
  journal = {J. Chem. Phys.},
  year = {2005},
  volume = {123},
  pages = {144103},
  doi = {10.1063/1.2052647},
  number = {12}
}

@ARTICLE{arnold02a,
  author = {Axel Arnold and Christian Holm},
  title = {{MMM2D}: A fast and accurate summation method for electrostatic
	interactions in {2D} slab geometries},
  journal = {Comput. Phys. Commun.},
  year = {2002},
  volume = {148},
  pages = {327--348},
  number = {3},
  doi = {10.1016/S0010-4655(02)00586-6},
}

@ARTICLE{Nikunen03,
  author = {P. Nikunen and M. Karttunen and I. Vattulainen},
  title = {How would you integrate the equations of motion in dissipative particle
	dynamics simulations},
  journal = {Com. Phys. Comm.},
  year = {2003},
  volume = {153},
  pages = {407}
}

@article{omelyan98,
author = {Omelyan,Igor P. },
title = {On the numerical integration of motion for rigid polyatomics: The modified quaternion approach},
journal = {Computers in Physics},
volume = {12},
number = {1},
pages = {97-103},
year = {1998},
doi = {10.1063/1.168642},
URL = {https://aip.scitation.org/doi/abs/10.1063/1.168642}
}

@ARTICLE{pasichnyk04a,
  author = {Igor Pasichnyk and Burkhard D{\"u}nweg},
  title = {Coulomb interactions via local dynamics: {A} molecular-dynamics algorithm},
  journal = {J. Phys.: Condens. Matter},
  year = {2004},
  volume = {16},
  pages = {3999--4020},
  number = {38},
  month = sep,
  doi = {10.1088/0953-8984/16/38/017},
  owner = {dommert},
  timestamp = {2009.03.16}
}

@article{Peskin2002,
author = {Peskin, Charles S},
title = {{The immersed boundary method}},
journal = {Acta Numer.},
year = {2003},
volume = {11},
doi = {10.1017/S0962492902000077},
pages = {479--517}
}

@ARTICLE{poblete10,
  author = {S. Poblete and M. Praprotnik and K. Kremer and Luigi {Delle Site}},
  title = {Coupling different levels of resolution in molecular simulations},
  journal = {Jour. Chem. Phys.},
  year = {2010},
  volume = {132},
  pages = {114101},
  number = {11}
}

@ARTICLE{Polyakov2013,
author = {Polyakov, A. Yu. and Lyutyy, T. V. and Denisov, S. and Reva, V. V. and H{\"{a}}nggi, P.},
title = {{Large-scale ferrofluid simulations on graphics processing units}},
journal = {Comput. Phys. Commun.},
year = {2013},
volume = {184},
doi = {10.1016/j.cpc.2013.01.016},
pages = {1483--1489}
}

@ARTICLE{praprotnik05,
  author = {Matej Praprotnik and Luigi {Delle Site} and Kurt Kremer},
  title = {Adaptive resolution molecular-dynamics simulation: Changing the degrees
	of freedom on the fly},
  journal = {J. Chem. Phys.},
  year = {2005},
  volume = {123},
  pages = {224106--14},
  number = {22}
}

@ARTICLE{praprotnik08,
  author = {Matej Praprotnik and Luigi {Delle Site} and Kurt Kremer},
  title = {Multiscale Simulation of Soft Matter: From Scale Bridging to Adaptive
	Resolution},
  journal = {Annual Review of Physical Chemistry},
  year = {2008},
  volume = {59},
  pages = {545--571},
  number = {1}
}

@ARTICLE{ramirez10a,
  author = {Ramirez, Jorge and Sukumaran, Sathish K. and Vorselaars, Bart and
	Likhtman, Alexei E.},
  title = {Efficient on the fly calculation of time correlation functions in
	computer simulations},
  journal = {J. Chem. Phys.},
  year = {2010},
  volume = {133},
  pages = {154103},
  number = {{15}},
  month = oct,
  article-number = {{154103}},
  doi = {10.1063/1.3491098},
  issn = {{0021-9606}},
  owner = {kosovan},
  timestamp = {2011.12.14},
  unique-id = {{ISI:000283359300008}}
}

@book{rapaport04,
 author = {Rapaport, D. C.},
 title = {The Art of Molecular Dynamics Simulation},
 year = {2004},
 isbn = {0521825687, 9780521825689},
 edition = {2nd},
 publisher = {Cambridge University Press},
 address = {New York, NY, USA},
} 

@article{reed92a,
  title={{M}onte {C}arlo study of titration of linear polyelectrolytes},
  author={Reed, Christopher E and Reed, Wayne F},
  journal={J. Chem. Phys.},
  volume={96},
  number={2},
  pages={1609--1620},
  year={1992},
  doi={10.1063/1.462145},
  publisher={AIP Publishing}
}

@BOOK{rubinstein03a,
  title = {Polymer Physics},
  publisher = {Oxford University Press},
  year = {2003},
  author = {Michael Rubinstein and Ralph H. Colby},
  address = {Oxford, UK},
  owner = {kosovan},
  timestamp = {2011.01.27}
}

@ARTICLE{schatzel88a,
  author = {Sch\"atzel, K. and Drewel, M. and Stimac, S},
  title = {Photon-correlation Measurements at Large Lag Times - Improving Statistical
	Accuracy},
  journal = {Journal of Modern Optics},
  year = {1988},
  volume = {35},
  pages = {711-718},
  number = {{4}},
  month = apr,
  doi = {10.1080/09500348814550731},
  issn = {{0950-0340}},
  owner = {kosovan},
  timestamp = {2012.02.14},
  unique-id = {{ISI:A1988N368800009}}
}

@ARTICLE{sega13c,
 title = {Mesoscale structures at complex fluid--fluid interfaces: a novel lattice Boltzmann/molecular dynamics coupling},
 author = {M. Sega and   M. Sbragaglia  and   S. S. Kantorovich and    A. O. Ivanov},
 journal = {Soft Matter},
 year = {2013},
 volume = {9},
 number = {42},
 pages = {10092-10107},
 doi = {10.1039/C3SM51556G}
}

@ARTICLE{smiatek08a,
  author = {J. Smiatek and M. P. Allen and F. Schmidt},
  title = {Tunable-slip boundaries for coarse-grained simulations of fluid flow},
  journal = {Eur. Phys. J. E},
  year = {2008},
  volume = {26},
  doi = {10.1140/epje/i2007-10311-4},
  pages = {115}
}

@ARTICLE{smith81a,
  author = {E. R. Smith},
  title = {{Electrostatic energy in ionic crystals}},
  journal = {Proc. R. Soc. Lond. A},
  year = {1981},
  volume = {375},
  pages = {475--505},
  doi = {10.1098/rspa.1981.0064},
  owner = {olenz},
  timestamp = {2007.06.13}
}

@article{smith94a,
  title={The reaction ensemble method for the computer simulation of chemical and phase equilibria. {I.} {T}heory and basic examples},
  author={Smith, WR and Triska, B},
  journal={J. Chem. Phys.},
  volume={100},
  number={4},
  pages={3019--3027},
  year={1994},
  doi={10.1063/1.466443},
  publisher={AIP Publishing}
}

@ARTICLE{soddeman01a,
  author = {T. Soddemann and B. D\"unweg and K. Kremer},
  title = {A generic computer model for amphiphilic systems},
  journal = {Eur. Phys. J. E},
  year = {2001},
  volume = {6},
  doi = {10.1007/s10189-001-8054-4},
  pages = {409-419}
}

@ARTICLE{soddeman03a,
  author = {T. Soddemann and B. D\"unweg and K. Kremer},
  title = {Dissipative particle dynamics: A useful thermostat for equilibrium
	and nonequilibrium molecular dynamics simulations},
  journal = {Phys. Rev. E},
  year = {2003},
  volume = {68},
  pages = {046702}
}

@PHDTHESIS{strebel99a,
  author = {R. Strebel},
  title = {{Pieces of software for the Coulombic m body problem}},
  school = {ETH Z\"urich},
  year = {1999},
  type = {Dissertation},
  institution = {ETH Zuerich},
  number = {13504},
  owner = {olenz},
  timestamp = {2007.06.13},
  doi = {10.3929/ethz-a-003856704}
}

@BOOK{succi01a,
  title = {The lattice Boltzmann equation for fluid dynamics and beyond},
  publisher = {Oxford University Press, USA},
  year = {2001},
  author = {Succi, S.},
  owner = {georg},
  timestamp = {2011.07.22}
}

@ARTICLE{thompson09a,
  author = {Thompson, A. P. and Plimpton, S. J. and Mattson, W.},
  title = {General formulation of pressure and stress tensor for arbitrary many-body
	interaction potentials under periodic boundary conditions},
  journal = {J. Chem. Phys.},
  year = {2009},
  volume = {131},
  number = {15},
  doi = {10.1063/1.3245303},
  pages = {154107},
  owner = {kosovan},
  timestamp = {2011.05.25}
}

@article{turner2008simulation,
  title={Simulation of chemical reaction equilibria by the reaction ensemble Monte Carlo method: a review},
  author={Heath Turner, C and Brennan, John K and Lisal, Martin and Smith, William R and Karl Johnson, J and Gubbins, Keith E},
  journal={Molecular Simulation},
  volume={34},
  number={2},
  pages={119--146},
  year={2008},
  doi={10.1080/08927020801986564},
  publisher={Taylor \& Francis Group}
}

@ARTICLE{tyagi10a,
  author = {Tyagi, C. and S{\"u}zen, M. and Sega, M. and Barbosa, M. and Kantorovich,
	S. and Holm, C.},
  title = {An iterative, fast, linear-scaling method for computing induced charges
	on arbitrary dielectric boundaries},
  journal = {J. Chem. Phys.},
  year = {2010},
  volume = {132},
  pages = { 154112 },
  doi = {10.1063/1.3376011},
  owner = {flol},
  timestamp = {2010.05.03}
}

@article{wagner02,
  author = {Alexander J. Wagner and Ignacio Pagonabarraga},
  title = {{Lees--Edwards boundary conditions for lattice Boltzmann}},
  journal = {J. Stat. Phys.},
  year = {2002},
  volume = {107},
  pages = {521-537},
  doi = {10.1023/A:1014595628808}
}

@article{wang01a,
  title={Efficient, multiple-range random walk algorithm to calculate the density of states},
  author={Wang, Fugao and Landau, David P},
  journal={Phys. Rev. Lett.},
  volume={86},
  number={10},
  pages={2050},
  year={2001},
  publisher={APS}
}

@ARTICLE{wolff04a,
  author = {Ulli Wolff},
  title = {Monte Carlo errors with less errors},
  journal = {Comput. Phys. Commun.},
  year = {2004},
  volume = {156},
  pages = {143--153},
  doi = {10.1016/S0010-4655(03)00467-3},
  owner = {olenz},
  timestamp = {2007.06.14}
}

@Article{cerda08d,
  title                    = {{P3M} algorithm for dipolar interactions.},
  author                   = {Juan J. Cerd\`{a} and V. Ballenegger and O. Lenz and Ch. Holm},
  journal                  = {J. Chem. Phys.},
  year                     = {2008},
  pages                    = {234104},
  volume                   = {129},
  date-modified            = {2009-01-28 08:15:14 +0100},
  doi                      = {10.1063/1.3000389},
  owner                    = {jcerda},
  timestamp                = {2008.01.14}
}

@article{essmann1995smooth,
  title={A smooth particle mesh Ewald method},
  author={Essmann, Ulrich and Perera, Lalith and Berkowitz, Max L and Darden, Tom and Lee, Hsing and Pedersen, Lee G},
  journal={J. Chem. Phys.},
  volume={103},
  number={19},
  pages={8577--8593},
  year={1995},
  doi={10.1063/1.470117},
  publisher={AIP}
}

@article{brown95a,
  title={A general pressure tensor calculation for molecular dynamics simulations},
  author={Brown, David and Neyertz, Sylvie},
  journal={Mol. Phys.},
  volume={84},
  number={3},
  pages={577--595},
  year={1995},
  doi={10.1080/00268979500100371},
  publisher={Taylor \& Francis}
}

@Article{hofling11a,
  title = {Anomalous transport resolved in space and time by fluorescence correlation spectroscopy},
  author = {Felix H\"{o}fling and Karl-Ulrich Bamberg and Thomas Franosch},
  journal = {Soft Matter},
  year = {2011},
  pages = {1358},
  volume = {7},
  doi = {10.1039/C0SM00718H},
  owner = {rajarshi}
}
