% This file was created with JabRef 2.3.
% Encoding: UTF-8

@ARTICLE{arnold2003ees,
  author = {Arnold, A. and Mann, BA and Limbach, HJ and Holm, C.},
  title = {{ESPResSo--An Extensible Simulation Package for Research on Soft
	Matter Systems}},
  journal = {Forschung und wissenschaftliches Rechnen},
  year = {2003},
  volume = {63},
  pages = {43--59}
}

@BOOK{frenkel02b,
  author = {Daan Frenkel and Berend Smit},
  title = {Understanding Molecular Simulation},
  year = {2002},
  address = {San Diego},
  edition = {Second},
  publisher = {Academic Press}
}

@ARTICLE{limbach2006ees,
  author = {Limbach, HJ and Arnold, A. and Mann, B.},
  title = {{ESPResSo; an extensible simulation package for research on soft
	matter systems}},
  journal = {Computer Physics Communications},
  year = {2006},
  volume = {174},
  pages = {704--727},
  number = {9}
}

@ARTICLE{wolff,
  author = {U. Wolff},
  title = {Monte carlo errors with less errors},
  journal = {Comput. Phys. Commun.},
  year = {2004},
  volume = {156},
  pages = {143-153}
}

@MISC{esp_url,
  title = {http://espressomd.org/}
}

@MISC{tcl_tut_url,
  title = {http://www.tcl.tk/man/tcl8.5/tutorial/tcltutorial.html}
}

@MISC{tcl_url,
  title = {http://www.tcl.tk}
}

