@Unpublished{pep0020,
  author = 	 {Tim Peters \texttt{<tim at zope.com>}},
  title = 	 {{The Zen of Python}},
  note = 	 {\url{http://www.python.org/dev/peps/pep-0020/}},
  OPTkey = 	 {},
  OPTmonth = 	 {},
  OPTyear = 	 {},
  OPTannote = 	 {}
}

