% Encoding: US-ASCII

@Book{abramowitz65a,
  title                    = {Handbook of mathematical functions: With formulas, graphs, and mathematical tables},
  author                   = {Abramowitz, M. and Stegun, I.},
  publisher                = {Dover Publications Inc.},
  year                     = {1965},
  address                  = {New York},
  edition                  = {9th},
  isbn                     = {9780486612720},
  url                      = {https://store.doverpublications.com/0486612724.html},
}

@Article{ahlrichs99a,
  author    = {Ahlrichs, Patrick and D{\"u}nweg, Burkhard},
  title     = {Simulation of a single polymer chain in solution by combining lattice {B}oltzmann and molecular dynamics},
  journal   = {The Journal of Chemical Physics},
  year      = {1999},
  volume    = {111},
  number    = {17},
  pages     = {8225--8239},
  doi       = {10.1063/1.480156},
}

@Book{allen17a,
  title     = {Computer Simulation of Liquids},
  author    = {Allen, Michael P. and Tildesley, Dominic J.},
  year      = {2017},
  edition   = {2nd},
  series    = {Oxford Science Publications},
  publisher = {Oxford University Press},
  isbn      = {978-0-19-880319-5},
  doi       = {10.1093/oso/9780198803195.001.0001},
  address   = {Oxford},
}

@Article{andersen83a,
  author    = {Andersen, Hans C.},
  title     = {Rattle: {A} ``Velocity'' Version of the Shake Algorithm for Molecular Dynamics Calculations},
  journal   = {Journal of Computational Physics},
  year      = {1983},
  volume    = {52},
  number    = {1},
  pages     = {24--34},
  doi       = {10.1016/0021-9991(83)90014-1},
}

@Article{arnold02a,
  author = {Arnold, Axel and Holm, Christian},
  title = {{MMM2D}: {A} fast and accurate summation method for electrostatic interactions in {2D} slab geometries},
  journal = {Computer Physics Communications},
  year = {2002},
  volume = {148},
  pages = {327--348},
  number = {3},
  doi = {10.1016/S0010-4655(02)00586-6},
}

@Article{arnold02b,
  author = {Arnold, Axel and Holm, Christian},
  title = {A novel method for calculating electrostatic interactions in {2D} periodic slab geometries},
  journal = {Chemical Physics Letters},
  year = {2002},
  volume = {354},
  number = {3--4},
  pages = {324--330},
  doi = {10.1016/S0009-2614(02)00131-8},
}

@Article{arnold02c,
  author = {Arnold, Axel and de Joannis, Jason and Holm, Christian},
  title = {Electrostatics in Periodic Slab Geometries. {I}},
  journal = {The Journal of Chemical Physics},
  year = {2002},
  volume = {117},
  pages = {2496--2502},
  doi = {10.1063/1.1491955},
}

@Article{dejoannis02a,
  author = {de Joannis, Jason and Arnold, Axel and Holm, Christian},
  title = {Electrostatics in Periodic Slab Geometries. {II}},
  journal = {The Journal of Chemical Physics},
  year = {2002},
  volume = {117},
  pages = {2503--2512},
  doi = {10.1063/1.1491954},
}
@Article{arnold05b,
  author    = {Arnold, Axel and Holm, Christian},
  title     = {{MMM1D}: {A} method for calculating electrostatic interactions in one-dimensional periodic geometries},
  journal   = {The Journal of Chemical Physics},
  year      = {2005},
  volume    = {123},
  number    = {12},
  pages     = {144103},
  doi       = {10.1063/1.2052647},
}

@InCollection{arnold13a,
  author    = {Arnold, Axel and Lenz, Olaf and Kesselheim, Stefan and Weeber, Rudolf and Fahrenberger, Florian and R\"{o}hm, Dominic and Ko\v{s}ovan, Peter and Holm, Christian},
  title     = {{ESPResSo}~3.1 -- Molecular Dynamics Software for Coarse-Grained Models},
  booktitle = {Meshfree Methods for Partial Differential Equations {VI}},
  year      = {2013},
  editor    = {Griebel, Michael and Schweitzer, Marc Alexander},
  volume    = {89},
  series    = {Lecture Notes in Computational Science and Engineering},
  publisher = {Springer Berlin Heidelberg},
  pages     = {1--23},
  doi       = {10.1007/978-3-642-32979-1_1},
}

@Article{ballenegger09a,
  author    = {Ballenegger, Vincent and Arnold, Axel and Cerd\`a, Joan J.},
  title     = {Simulations of non-neutral slab systems with long-range electrostatic interactions in two-dimensional periodic boundary conditions},
  journal   = {The Journal of Chemical Physics},
  year      = {2009},
  volume    = {131},
  number    = {9},
  month     = sep,
  pages     = {094107},
  issn      = {1089-7690},
  doi       = {10.1063/1.3216473},
  numpages  = {10},
  publisher = {AIP},
}

@Article{banchio03a,
  author  = {Banchio, Adolfo J. and Brady, John F.},
  title   = {Accelerated {S}tokesian dynamics: {B}rownian motion},
  journal = {Journal of Chemical Physics},
  year    = {2003},
  volume  = {118},
  number  = {22},
  pages   = {10323--10332},
  doi     = {10.1063/1.1571819},
}

@Article{batle20a,
  author    = {Batle, Josep and Ciftja, Orion},
  title     = {Minimum and maximum energy for crystals of magnetic dipoles},
  journal   = {Scientific Reports},
  year      = {2020},
  volume    = {10},
  number    = {1},
  pages     = {19113},
  issn      = {2045-2322},
  doi       = {10.1038/s41598-020-76029-x},
}

@InProceedings{bauer19a,
  author = {Bauer, Martin and H\"{o}tzer, Johannes and Ernst, Dominik and Hammer, Julian and Seiz, Marco and Hierl, Henrik and H\"{o}nig, Jan and K\"{o}stler, Harald and Wellein, Gerhard and Nestler, Britta and R\"{u}de, Ulrich},
  title = {Code Generation for Massively Parallel Phase-Field Simulations},
  year = {2019},
  publisher = {Association for Computing Machinery},
  address = {New York},
  doi = {10.1145/3295500.3356186},
  isbn = {9781450362290},
  booktitle = {Proceedings of the International Conference for High Performance Computing, Networking, Storage and Analysis},
  location = {Denver, Colorado},
}

@Article{bauer21a,
  author = {Martin Bauer and Sebastian Eibl and Christian Godenschwager and Nils Kohl and Michael Kuron and Christoph Rettinger and Florian Schornbaum and Christoph Schwarzmeier and Dominik Th\"{o}nnes and Harald K\"{o}stler and Ulrich R\"{u}de},
  title = {{waLBerla}: A block-structured high-performance framework for multiphysics simulations},
  journal = {Computers \& Mathematics with Applications},
  year = {2021},
  issn = {0898-1221},
  doi = {10.1016/j.camwa.2020.01.007},
  pages = {478--501},
  volume = {81},
}

@Article{bauer21b,
  author = {Bauer, Martin and K\"{o}stler, Harald and R\"{u}de, Ulrich},
  title = {{lbmpy}: Automatic code generation for efficient parallel lattice {Boltzmann} methods},
  journal = {Journal of Computational Science},
  volume = {49},
  pages = {101269},
  year = {2021},
  issn = {1877-7503},
  doi = {10.1016/j.jocs.2020.101269},
}

@Article{bindgen21a,
  author = {Bindgen, Sebastian and Weik, Florian and Weeber, Rudolf and Koos, Erin and de Buyl, Pierre},
  title = {{L}ees--{E}dwards boundary conditions for translation invariant shear flow: {I}mplementation and transport properties},
  journal = {Physics of Fluids},
  year = {2021},
  volume = {33},
  number = {8},
  doi = {10.1063/5.0055396},
  pages = {083615},
}

@InProceedings{boehme16a,
  author    = {Boehme, David and Gamblin, Todd and Beckingsale, David and Bremer, Peer-Timo and Gimenez, Alfredo and LeGendre, Matthew and Pearce, Olga and Schulz, Martin},
  title     = {{C}aliper: Performance Introspection for {HPC} Software Stacks},
  booktitle = {{SC} '16: Proceedings of the International Conference for High Performance Computing, Networking, Storage and Analysis},
  year      = {2016},
  note      = {LLNL-CONF-699263},
  publisher = {{IEEE} Press},
  location  = {Salt Lake City, Utah, USA},
  month     = nov,
  isbn      = {978-1-4673-8815-3},
  pages     = {550--560},
}

@Article{brady88a,
  author  = {Brady, John F. and Bossis, Georges},
  title   = {{S}tokesian Dynamics},
  journal = {Annual Review of Fluid Mechanics},
  year    = {1988},
  volume  = {20},
  pages   = {111--157},
  doi     = {10.1146/annurev.fl.20.010188.000551},
}

@Article{brodka04a,
  author = {Br{\'o}dka, A.},
  title = {{E}wald summation method with electrostatic layer correction for interactions of point dipoles in slab geometry},
  journal = {Chemical Physics Letters},
  year = {2004},
  number = {1--3},
  volume = {400},
  pages = {62--67},
  doi = {10.1016/j.cplett.2004.10.086},
}

@Article{brown95a,
  title={A general pressure tensor calculation for molecular dynamics simulations},
  author={Brown, David and Neyertz, Sylvie},
  journal={Molecular Physics},
  volume={84},
  number={3},
  pages={577--595},
  year={1995},
  doi={10.1080/00268979500100371},
  publisher={Taylor \& Francis},
}

@Article{cerda08d,
  title                    = {{P3M} algorithm for dipolar interactions},
  author                   = {Cerd\`{a}, Juan J. and Ballenegger, Vincent and Lenz, Olaf and Holm, Christian},
  journal                  = {The Journal of Chemical Physics},
  year                     = {2008},
  pages                    = {234104},
  volume                   = {129},
  doi                      = {10.1063/1.3000389},
}

@Article{ciftja19a,
  author    = {Ciftja, Orion},
  title     = {Equivalence of an infinite one-dimensional ionic crystal to a simple electrostatic model},
  journal   = {Results in Physics},
  year      = {2019},
  volume    = {13},
  pages     = {102325},
  issn      = {2211-3797},
  doi       = {10.1016/j.rinp.2019.102325},
}

@Article{cimrak12a,
author = {Cimr\'{a}k, I. and Gusenbauer, M. and Schrefl, T.},
title = {Modelling and simulation of processes in microfluidic devices for biomedical applications},
journal = {Computers \& Mathematics with Applications},
year = {2012},
volume = {64},
number = {3},
pages = {278--288},
doi = {10.1016/j.camwa.2012.01.062},
}

@Article{cimrak14a,
  author = {I. Cimr\'{a}k and M. Gusenbauer and I. Jan\v{c}igov\'{a}},
  title = {An {ESPResSo} implementation of elastic objects immersed in a fluid},
  journal = {Computer Physics Communications},
  year = {2014},
  volume = {185},
  number = {3},
  pages = {900--907},
  doi = {10.1016/j.cpc.2013.12.013},
}

@Article{crowl10a,
author = {Crowl, Lindsay M. and Fogelson, Aaron L.},
title = {Computational model of whole blood exhibiting lateral platelet motion induced by red blood cells},
journal = {International Journal for Numerical Methods in Biomedical Engineering},
year = {2010},
volume = {26},
number = {3--4},
pages = {471--487},
doi = {10.1002/cnm.1274},
}

@Article{debuyl18a,
  author = {de Buyl, Pierre},
  title = {{tidynamics}: {A} tiny package to compute the dynamics of stochastic and molecular simulations},
  journal = {Journal of Open Source Software},
  volume = {3},
  number = {28},
  pages = {877},
  year = {2018},
  doi = {10.21105/joss.00877},
}

@Article{degraaf16a,
  author = {de Graaf, Joost and Menke, Henri and Mathijssen, Arnold J.T.M. and Fabritius, Marc and Holm, Christian and Shendruk, Tyler N.},
  title = {Lattice-{B}oltzmann Hydrodynamics of Anisotropic Active Matter},
  journal = {The Journal of Chemical Physics},
  volume = {144},
  pages = {134106},
  year = {2016},
  doi = {10.1063/1.4944962},
}

@PhdThesis{deserno00b,
  author = {Deserno, Markus},
  title = {Counterion condensation for rigid linear polyelectrolytes},
  school = {Universit\"{a}t Mainz},
  year = {2000},
  month = feb,
  doi = {10.25358/openscience-1411},
}

@InProceedings{deserno00e,
  title = {How to mesh up {E}wald sums},
  booktitle = {Molecular Dynamics on Parallel Computers},
  publisher = {World Scientific, Singapore},
  year = {2000},
  author = {Deserno, Markus and Holm, Christian and Limbach, Hans J\"{o}rg},
  editor = {Esser, R. and Grassberger, P. and Grotendorst, J. and Lewerenz, M.},
  pages = {319--320},
  doi = {10.1142/9789812793768_0023},
}

@Article{deserno98a,
  author = {Deserno, Markus and Holm, Christian},
  title = {How to mesh up {E}wald sums. {I.} {A} theoretical and numerical comparison of various particle mesh routines},
  journal = {The Journal of Chemical Physics},
  year = {1998},
  pages = {7678},
  volume = {109},
  doi = {10.1063/1.477414},
}

@Article{deserno98b,
  author = {Deserno, Markus and Holm, Christian},
  title = {How to mesh up {E}wald sums. {II.} {A}n accurate error estimate for the {P}article-{P}article-{P}article-{M}esh algorithm},
  journal = {The Journal of Chemical Physics},
  year = {1998},
  pages = {7694},
  volume = {109},
  doi = {10.1063/1.477415},
}

@Article{dhumieres09a,
  title                    = {Viscosity independent numerical errors for {L}attice {B}oltzmann models: from recurrence equations to ``magic'' collision numbers},
  author                   = {d'Humi{\`e}res, Dominique and Ginzburg, Irina},
  journal                  = {Computers \& Mathematics with Applications},
  year                     = {2009},
  number                   = {5},
  pages                    = {823--840},
  volume                   = {58},
  doi                      = {10.1016/j.camwa.2009.02.008},
  publisher                = {Elsevier},
}

@Book{doi86a,
  title                    = {The Theory of Polymer Dynamics},
  author                   = {Doi, Masao and Edwards, Samuel Frederick},
  publisher                = {Clarendon Press: Oxford},
  year                     = {1986},
  isbn                     = {9780198519768},
}

@Article{dunweg07a,
  author    = {D{\"u}nweg, Burkhard and Schiller, Ulf D. and Ladd, Anthony J. C.},
  title     = {Statistical mechanics of the fluctuating lattice {B}oltzmann equation},
  journal   = {Physical Review E},
  year      = {2007},
  volume    = {76},
  number    = {3},
  pages     = {036704},
  doi       = {10.1103/PhysRevE.76.036704},
}

@InCollection{dunweg09a,
  author    = {D{\"u}nweg, Burkhard and Ladd, Anthony J. C.},
  editor    = {Holm, Christian and Kremer, Kurt},
  title     = {Lattice {B}oltzmann Simulations of Soft Matter Systems},
  booktitle = {Advanced Computer Simulation Approaches for Soft Matter Sciences {III}},
  publisher = {Springer Berlin Heidelberg},
  year      = {2009},
  series    = {Advances in Polymer Science},
  volume    = {221},
  pages     = {89--166},
  doi       = {10.1007/978-3-540-87706-6_2},
  isbn      = {978-3-540-87706-6},
}

@Article{dupin07a,
  author = {Dupin, Michael M. and Halliday, Ian and Care, Chris M. and Alboul, Lyuba and Munn, Lance L.},
  title = {Modeling the flow of dense suspensions of deformable particles in three dimensions},
  journal = {Physical Review E},
  year = {2007},
  volume = {75},
  number = {6},
  pages = {066707},
  publisher = {American Physical Society},
  doi = {10.1103/PhysRevE.75.066707},
}

@Article{dupin08a,
author = {Dupin, M. M. and Halliday, I. and Care, C. M. and Munn, L. L.},
title = {Lattice {B}oltzmann modelling of blood cell dynamics},
journal = {International Journal of Computational Fluid Dynamics},
volume = {22},
number = {7},
pages = {481--492},
year  = {2008},
doi = {10.1080/10618560802238242},
}

@Article{durlofsky87a,
  author  = {Durlofsky, L. and Brady, J. F. and Bossis, G.},
  title   = {Dynamic simulation of hydrodynamically interacting particles},
  journal = {Journal of Fluid Mechanics},
  year    = {1987},
  volume  = {180},
  pages   = {21--49},
  doi     = {10.1017/S002211208700171X},
}

@TechReport{elijosius24a,
  title = {Zero Shot Molecular Generation via Similarity Kernels},
  author = {Elijo{\v s}ius, Rokas and Zills, Fabian and Batatia, Ilyes and Norwood, Sam Walton and Kov{\'a}cs, D{\'a}vid P{\'e}ter and Holm, Christian and Cs{\'a}nyi, G{\'a}bor},
  year = {2024},
  type = {Preprint},
  number = {arXiv:2402.08708},
  doi = {10.48550/arXiv.2402.08708},
  institution = {arXiv},
}

@Article{ermak78a,
  title={{B}rownian dynamics with hydrodynamic interactions},
  author={Ermak, Donald L. and McCammon, J. A.},
  journal={The Journal of Chemical Physics},
  volume={69},
  number={4},
  pages={1352--1360},
  year={1978},
  publisher={AIP},
  doi={10.1063/1.436761},
}

@Article{essmann95a,
  title={A smooth particle mesh {E}wald method},
  author={Essmann, Ulrich and Perera, Lalith and Berkowitz, Max L. and Darden, Tom and Lee, Hsing and Pedersen, Lee G.},
  journal={The Journal of Chemical Physics},
  volume={103},
  number={19},
  pages={8577--8593},
  year={1995},
  doi={10.1063/1.470117},
  publisher={AIP}
}

@Article{evjen32a,
  author    = {Evjen, H. M.},
  title     = {On the stability of certain heteropolar crystals},
  journal   = {Physical Review},
  year      = {1932},
  volume    = {39},
  number    = {4},
  pages     = {675--687},
  doi       = {10.1103/PhysRev.39.675},
  publisher = {American Physical Society},
}

@Article{ewald21a,
  author = {Ewald, P. P.},
  title = {Die {B}erechnung optischer und elektrostatischer {G}itterpotentiale},
  journal = {Annalen der Physik},
  year = {1921},
  number = {3},
  volume = {369},
  pages = {253--287},
  doi = {10.1002/andp.19213690304},
}

@Book{frenkel02b,
  author     = {Frenkel, Daan and Smit, Berend},
  title      = {Understanding Molecular Simulation: {F}rom Algorithms to Applications},
  year       = {2002},
  edition    = {2\textsuperscript{nd}},
  publisher  = {Academic Press},
  isbn       = {978-0-12-267351-1},
  doi        = {10.1016/B978-0-12-267351-1.X5000-7},
  address    = {San Diego},
  volume     = {1},
  series     = {Computational Science},
}

@Article{gay81a,
  title = {Modification of the overlap potential to mimic a linear site-site potential},
  author = {Gay, J. G. and Berne, B. J.},
  journal = {The Journal of Chemical Physics},
  year = {1981},
  number = {6},
  pages = {3316--3319},
  volume = {74},
  doi = {10.1063/1.441483},
}

@InProceedings{godenschwager13a,
  title     = {A framework for hybrid parallel flow simulations with a trillion cells in complex geometries},
  author    = {Godenschwager, Christian and Schornbaum, Florian and Bauer, Martin and K{\"o}stler, Harald and R{\"u}de, Ulrich},
  booktitle = {Proceedings of the International Conference on High Performance Computing, Networking, Storage and Analysis},
  year      = {2013},
  publisher = {Association for Computing Machinery},
  address   = {New York},
  doi       = {10.1145/2503210.2503273},
  isbn      = {9781450323789},
}

@Article{gompper96a,
  author    = {Gompper, G. and Kroll, D. M.},
  title     = {Random Surface Discretizations and the Renormalization of the Bending Rigidity},
  journal   = {Journal de Physique I France},
  year      = {1996},
  volume    = {6},
  number    = {10},
  pages     = {1305--1320},
  doi       = {10.1051/jp1:1996246},
}

@Article{guckenberger17a,
author = {Achim Guckenberger and Stephan Gekle},
title = {Theory and Algorithms to Compute {H}elfrich Bending Forces: {A} Review},
journal = {Journal of Physics: Condensed Matter},
doi = {10.1088/1361-648x/aa6313},
year = {2017},
volume = {29},
number = {20},
pages = {203001},
}

@Article{guo02a,
  title                    = {Discrete lattice effects on the forcing term in the lattice {B}oltzmann method},
  author                   = {Guo, Zhaoli and Zheng, Chuguang and Shi, Baochang},
  journal                  = {Physical Review E},
  year                     = {2002},
  number                   = {4},
  pages                    = {046308},
  volume                   = {65},
  doi                      = {10.1103/PhysRevE.65.046308},
}

@Article{hickey10a,
  author = {Hickey, Owen A. and Holm, Christian and Harden, James L. and Slater, Gary W.},
  title = {Implicit Method for Simulating Electrohydrodynamics of Polyelectrolytes},
  journal = {Physical Review Letters},
  year = {2010},
  volume = {105},
  number = {14},
  doi = {10.1103/PhysRevLett.105.148301},
}

@Book{hockney88a,
  title     = {Computer Simulation Using Particles},
  author    = {Hockney, R. W. and Eastwood, J. W.},
  publisher = {CRC Press},
  year      = {1988},
  isbn      = {9780852743928},
  url       = {https://www.routledge.com/Computer-Simulation-Using-Particles/Hockney-Eastwood/p/book/9780852743928},
}

@Article{hofling11a,
  title = {Anomalous transport resolved in space and time by fluorescence correlation spectroscopy},
  author = {H{\"{o}}fling, Felix and Bamberg, Karl-Ulrich and Franosch, Thomas},
  journal = {Soft Matter},
  year = {2011},
  volume = {7},
  number  = {4},
  pages   = {1358--1363},
  doi = {10.1039/C0SM00718H},
}

@Article{humphrey96a,
  author = {Humphrey, William and Dalke, Andrew and Schulten, Klaus},
  title = {{VMD}: Visual Molecular Dynamics},
  journal = {Journal of Molecular Graphics},
  year = {1996},
  volume = {14},
  number = {1},
  pages = {33--38},
  doi = {10.1016/0263-7855(96)00018-5},
}

@Article{jancigova16a,
author = {Jan\v{c}igov\'{a}, Iveta and Cimr\'{a}k, Ivan},
title = {Non-uniform force allocation for area preservation in spring network models},
journal = {International Journal for Numerical Methods in Biomedical Engineering},
volume = {32},
number = {10},
pages = {e02757},
year = {2016},
doi = {10.1002/cnm.2757},
}

@Article{johnson94a,
  author    = {Johnson, J. Karl and Panagiotopoulos, Athanassios Z. and Gubbins, Keith E.},
  title     = {Reactive canonical {M}onte {C}arlo: {A} new simulation technique for reacting or associating fluids},
  journal   = {Molecular Physics},
  year      = {1994},
  volume    = {81},
  number    = {3},
  pages     = {717--733},
  doi       = {10.1080/00268979400100481},
  publisher = {Taylor \& Francis},
}

@Article{kesselheim11a,
  author = {Kesselheim, Stefan and Sega, Marcello and Holm, Christian},
  title = {Applying {ICC}* to {DNA} translocation. {E}ffect of dielectric boundaries},
  journal = {Computer Physics Communications},
  year = {2011},
  volume = {182},
  pages = {33--35},
  number = {1},
  doi = {10.1016/j.cpc.2010.08.014},
  issn = {0010-4655},
}

@InProceedings{kluyver16a,
  author    = {Kluyver, Thomas and Ragan-Kelley, Benjamin and P{\'e}rez, Fernando and Granger, Brian E and Bussonnier, Matthias and Frederic, Jonathan and Kelley, Kyle and Hamrick, Jessica B and Grout, Jason and Corlay, Sylvain and Ivanov, Paul and Avila, Dami{\'a}n and Abdalla, Safia and Willing, Carol and {Jupyter Development Team}},
  title     = {{J}upyter {N}otebooks---a publishing format for reproducible computational workflows},
  booktitle = {Positioning and Power in Academic Publishing: Players, Agents and Agendas},
  year      = {2016},
  editor    = {Loizides, Fernando and Schmidt, Birgit},
  publisher = {IOS Press},
  location  = {Amsterdam},
  isbn      = {978-1-61499-649-1},
  pages     = {87--90},
  doi       = {10.3233/978-1-61499-649-1-87},
}

@Article{kolafa92a,
  author = {Kolafa, Jiri and Perram, John W.},
  title = {Cutoff Errors in the {E}wald Summation Formulae for Point Charge Systems},
  journal = {Molecular Simulation},
  year = {1992},
  volume = {9},
  pages = {351--368},
  number = {5},
  doi = {10.1080/08927029208049126},
}

@Article{kolb99a,
  author = {A. Kolb and B. D\"{u}nweg},
  title = {Optimized constant pressure stochastic dynamics},
  journal = {The Journal of Chemical Physics},
  year = {1999},
  volume = {111},
  pages = {4453--59},
  number = {10},
  doi = {10.1063/1.479208},
}

@Book{kruger12a,
  author    = {Kr{\"u}ger, Timm},
  title     = {Computer Simulation Study of Collective Phenomena in Dense Suspensions of Red Blood Cells under Shear},
  year      = {2012},
  publisher = {Vieweg+Teubner Verlag},
  isbn      = {978-3-8348-2376-2},
  doi       = {10.1007/978-3-8348-2376-2},
  address   = {Wiesbaden},
}

@Book{kruger17a,
  author    = {Kr{\"u}ger, Timm and Kusumaatmaja, Halim and Kuzmin, Alexandr and Shardt, Orest and Silva, Goncalo and Viggen, Erlend Magnus},
  title     = {The Lattice {B}oltzmann Method: Principles and Practice},
  year      = {2017},
  publisher = {Springer International Publishing},
  isbn      = {978-3-319-44649-3},
  doi       = {10.1007/978-3-319-44649-3},
  address   = {Cham},
}

@Book{kundu01a,
author    = {Kundu, Pijush K. and Cohen, Ira M. and Hu, Howard},
title     = {Fluid Mechanics},
year      = {2001},
edition   = {2nd},
publisher = {Elsevier Science},
isbn      = {9780080545585},
doi       = {10.1016/C2009-0-20716-1},
}

@Article{ladd01a,
  title                    = {Lattice-{B}oltzmann simulations of particle-fluid suspensions},
  author                   = {Ladd, A. J. C. and Verberg, R.},
  journal                  = {Journal of Statistical Physics},
  year                     = {2001},
  number                   = {5/6},
  pages                    = {1191--1251},
  volume                   = {104},
  doi                      = {10.1023/A:1010414013942},
}

@Article{ladd94a,
  title                    = {Numerical simulations of particulate suspensions via a discretized {B}oltzmann equation. Part 1. Theoretical foundation},
  author                   = {Ladd, A. J. C.},
  journal                  = {Journal of Fluid Mechanics},
  year                     = {1994},
  pages                    = {285--309},
  volume                   = {271},
  doi                      = {10.1017/S0022112094001771},
}

@Article{landsgesell17b,
title                      = {Simulation of weak polyelectrolytes: {A} comparison between the constant {pH} and the reaction ensemble method},
author                     = {Landsgesell, Jonas and Holm, Christian and Smiatek, Jens},
journal                    = {European Physical Journal Special Topics},
year                       = {2017},
volume                     = {226},
number                     = {4},
pages                      = {725--736},
doi                        = {10.1140/epjst/e2016-60324-3},
}

@Article{lees72a,
  author    = {Lees, A. W. and Edwards, S. F.},
  title     = {The computer study of transport processes under extreme conditions},
  journal   = {Journal of Physics C: Solid State Physics},
  year      = {1972},
  volume    = {5},
  number    = {15},
  doi       = {10.1088/0022-3719/5/15/006},
}

@Article{limbach06a,
  author = {H. J. Limbach and A. Arnold and B. A. Mann and C. Holm},
  title = {{ESPResSo} -- An Extensible Simulation Package for Research on Soft Matter Systems},
  journal = {Computer Physics Communications},
  year = {2006},
  volume = {174},
  pages = {704--727},
  number = {9},
  doi = {10.1016/j.cpc.2005.10.005},
}

@Article{magatti01a,
  author    = {Magatti, Davide and Ferri, Fabio},
  title     = {Fast multi-tau real-time software correlator for dynamic light scattering},
  journal   = {Applied Optics},
  year      = {2001},
  volume    = {40},
  number    = {24},
  pages     = {4011--4021},
  doi       = {10.1364/ao.40.004011},
}

@Article{martys99a,
  title = {Velocity {V}erlet algorithm for dissipative-particle-dynamics-based models of suspensions},
  author = {Martys, Nicos S. and Mountain, Raymond D.},
  journal = {Physical Review E},
  volume = {59},
  number = {3},
  pages = {3733--3736},
  year = {1999},
  doi = {10.1103/PhysRevE.59.3733},
}

@TechReport{misc-compute-sanitizer,
  author      = {{NVIDIA}},
  title       = {{COMPUTE SANITIZER}},
  type        = {User manual},
  number      = {v2023.2.0},
  year        = {2023},
  month       = jun,
  institution = {NVIDIA},
  url         = {https://docs.nvidia.com/compute-sanitizer/pdf/ComputeSanitizer.pdf},
}

@TechReport{misc-cuda-gdb,
  author      = {{NVIDIA}},
  title       = {{CU-GDB}},
  type        = {User manual},
  number      = {Release 12.1},
  year        = {2023},
  month       = apr,
  institution = {NVIDIA},
  url         = {https://docs.nvidia.com/cuda/pdf/cuda-gdb.pdf},
}

@Misc{misc-kernprof,
  author    = {Kern, Robert and Crall, Jon and Olsen, Brett and {OpenPyUtils community contributors}},
  title     = {{line_profiler} and {kernprof}},
  year      = {2008},
  url       = {https://github.com/pyutils/line_profiler},
}

@Misc{misc-perf,
  author    = {Torvalds, Linus},
  title     = {{perf}: {L}inux profiling with performance counters},
  year      = {2009},
  url       = {https://perf.wiki.kernel.org/index.php/Main_Page},
}

@Misc{misc-ubsan,
  author    = {{LLVM Developers}},
  title     = {Undefined Behavior Sanitizer},
  year      = {2017},
  url       = {https://clang.llvm.org/docs/UndefinedBehaviorSanitizer.html},
}

@Book{moshier89a,
  title={Methods and Programs for Mathematical Functions},
  author={Moshier, Stephen Lloyd Baluk},
  isbn={9780470216095},
  series={Ellis Horwood Series in Mathematics and Its Applications},
  year={1989},
  publisher={Ellis Horwood},
}

@Article{moss96a,
  author    = {Moss, G. P.},
  title     = {Basic terminology of stereochemistry},
  journal   = {Pure and Applied Chemistry},
  year      = {1996},
  volume    = {68},
  number    = {12},
  pages     = {2193--2222},
  doi       = {10.1351/pac199668122193},
}

@Article{nethercote03a,
  author    = {Nethercote, Nicholas and Seward, Julian},
  title     = {{V}algrind: A Program Supervision Framework},
  journal   = {Electronic Notes in Theoretical Computer Science},
  year      = {2003},
  volume    = {89},
  number    = {2},
  month     = oct,
  pages     = {44--66},
  issn      = {1571-0661},
  doi       = {10.1016/S1571-0661(04)81042-9},
}

@InProceedings{nethercote07a,
  author    = {Nethercote, Nicholas and Seward, Julian},
  title     = {{V}algrind: A Framework for Heavyweight Dynamic Binary Instrumentation},
  booktitle = {Proceedings of the 28\textsuperscript{th} {ACM} {SIGPLAN} Conference on Programming Language Design and Implementation},
  year      = {2007},
  publisher = {Association for Computing Machinery},
  location  = {San Diego, California, USA},
  isbn      = {978-1-59593-633-2},
  month     = jun,
  pages     = {89--100},
  doi       = {10.1145/1250734.1250746},
  address   = {New York, New York, USA},
}

@Article{neumann85b,
author = {Neumann, Martin},
title = {The dielectric constant of water. Computer simulations with the {MCY} potential},
journal = {The Journal of Chemical Physics},
volume = {82},
number = {12},
pages = {5663--5672},
year = {1985},
doi = {10.1063/1.448553},
}

@Article{omelyan98a,
author = {Omelyan, Igor P.},
title = {On the numerical integration of motion for rigid polyatomics: The modified quaternion approach},
journal = {Computers in Physics},
volume = {12},
number = {1},
pages = {97--103},
year = {1998},
doi = {10.1063/1.168642},
}

@Article{panneton06a,
author = {Panneton, Fran\c{c}ois and L'Ecuyer, Pierre and Matsumoto, Makoto},
title = {Improved long-period generators based on linear recurrences modulo 2},
journal = {{ACM} Transactions on Mathematical Software},
year = {2006},
publisher = {Association for Computing Machinery},
address = {New York, NY, USA},
volume = {32},
number = {1},
pages = {1--16},
doi = {10.1145/1132973.1132974},
}

@Article{peskin02a,
author = {Peskin, Charles S.},
title = {The immersed boundary method},
journal = {Acta Numerica},
year = {2002},
volume = {11},
pages = {479--517},
doi = {10.1017/S0962492902000077},
}

@Article{plimpton95a,
  title={Fast Parallel Algorithms for Short-Range Molecular Dynamics},
  author={Plimpton, Steve J.},
  journal={Journal of Computational Physics},
  volume={117},
  number={1},
  pages={1--19},
  year={1995},
  doi={10.1006/jcph.1995.1039},
  publisher={Elsevier}
}

@Book{pottier10a,
  title={Nonequilibrium Statistical Physics},
  subtitle={Linear Irreversible Processes},
  author={Pottier, No\"{e}lle},
  year={2010},
  series={Oxford Graduate Texts},
  publisher={Oxford University Press},
  isbn={9780199556885},
  url={https://global.oup.com/academic/product/nonequilibrium-statistical-physics-9780199556885},
}

@Article{ramirez10a,
  author = {Ram{\'i}rez, Jorge and Sukumaran, Sathish K. and Vorselaars, Bart and Likhtman, Alexei E.},
  title = {Efficient on the fly calculation of time correlation functions in computer simulations},
  journal = {The Journal of Chemical Physics},
  year = {2010},
  volume = {133},
  number = {15},
  pages = {154103},
  doi = {10.1063/1.3491098},
}

@Book{rapaport04a,
 author = {Rapaport, D. C.},
 title = {The Art of Molecular Dynamics Simulation},
 year = {2004},
 isbn = {9780511816581},
 doi = {10.1017/CBO9780511816581},
 edition = {2nd},
 publisher = {Cambridge University Press},
 address = {New York, NY, USA},
}

@Article{reed92a,
  title={{M}onte {C}arlo study of titration of linear polyelectrolytes},
  author={Reed, Christopher E. and Reed, Wayne F.},
  journal={The Journal of Chemical Physics},
  volume={96},
  number={2},
  pages={1609--1620},
  year={1992},
  doi={10.1063/1.462145},
  publisher={AIP Publishing}
}

@InProceedings{rocklin15a,
  author    = {Rocklin, Matthew},
  title     = {{D}ask: Parallel Computation with Blocked algorithms and Task Scheduling},
  booktitle = {Proceedings of the 14\textsuperscript{th} {P}ython in {S}cience {C}onference},
  year      = {2015},
  editor    = {Huff, Kathryn and Bergstra, James},
  pages     = {126--132},
  doi       = {10.25080/Majora-7b98e3ed-013},
}

@Book{rubinstein03a,
  title = {Polymer Physics},
  publisher = {Oxford University Press},
  year = {2003},
  author = {Michael Rubinstein and Ralph H. Colby},
  address = {Oxford, UK},
}

@Article{schatzel88a,
  author = {Sch\"{a}tzel, Klaus and Drewel, Martin and Stimac, Sven},
  title = {Photon Correlation Measurements at Large Lag Times: Improving Statistical Accuracy},
  journal = {Journal of Modern Optics},
  year = {1988},
  volume = {35},
  number = {4},
  pages = {711--718},
  doi = {10.1080/09500348814550731},
}

@Book{schlick10a,
author = {Schlick, Tamar},
series = {Interdisciplinary Applied Mathematics},
title = {Molecular Modeling and Simulation: {A}n Interdisciplinary Guide},
volume = {21},
year = {2010},
address = {New York, New York, USA},
doi = {10.1007/978-1-4419-6351-2},
isbn = {978-1-4419-6350-5},
publisher = {Springer New York},
}

@InProceedings{serebryany12a,
  author    = {Serebryany, Konstantin and Bruening, Derek and Potapenko, Alexander and Vyukov, Dmitry},
  title     = {{A}ddress{S}anitizer: A Fast Address Sanity Checker},
  booktitle = {{USENIX} Annual Technical Conference},
  year      = {2012},
  publisher = {USENIX Association},
  location  = {Boston, Massachusetts, USA},
  month     = jun,
  url       = {https://www.usenix.org/conference/atc12/addresssanitizer-fast-address-sanity-checker},
  address   = {Berkeley, California, USA},
}

@Article{smith81a,
  author = {Smith, E. R.},
  title = {Electrostatic energy in ionic crystals},
  journal = {Proceedings of the Royal Society of London A: Mathematical and Physical Sciences},
  year = {1981},
  volume = {375},
  pages = {475--505},
  doi = {10.1098/rspa.1981.0064},
}

@Article{smith94c,
  title={The reaction ensemble method for the computer simulation of chemical and phase equilibria. {I.} {T}heory and basic examples},
  author={Smith, W. R. and Triska, B.},
  journal={The Journal of Chemical Physics},
  volume={100},
  number={4},
  pages={3019--3027},
  year={1994},
  doi={10.1063/1.466443},
  publisher={AIP Publishing}
}

@Article{soddemann01a,
  author = {Soddemann, T. and D{\"u}nweg, B. and Kremer, K.},
  title = {A generic computer model for amphiphilic systems},
  journal = {European Physical Journal E},
  year = {2001},
  volume = {6},
  doi = {10.1007/s10189-001-8054-4},
  pages = {409--419}
}

@Article{soddemann03a,
  author = {Soddemann, T. and D\"{u}nweg, B. and Kremer, K.},
  title = {Dissipative particle dynamics: A useful thermostat for equilibrium and nonequilibrium molecular dynamics simulations},
  journal = {Physical Review E},
  year = {2003},
  volume = {68},
  number = {4},
  pages = {046702},
  doi = {10.1103/PhysRevE.68.046702},
}

@Article{sonnenschein85a,
author = {Sonnenschein, Roland},
title = {An improved algorithm for molecular dynamics simulation of rigid molecules},
journal = {Journal of Computational Physics},
volume = {59},
number = {2},
pages = {347--350},
year = {1985},
doi = {10.1016/0021-9991(85)90151-2},
}

@Book{stallman11a,
  author    = {Stallman, Richard and Pesch, Roland and Shebs, Stan},
  title     = {Debugging with {GDB}: The {GNU} source-level debugger},
  year      = {2011},
  edition   = {10th},
  publisher = {{GNU} Press},
  isbn      = {978-0-9831592-3-0},
}

@PhdThesis{strebel99a,
  author = {Strebel, Rolf},
  title = {Pieces of software for the {C}oulombic m body problem},
  school = {ETH Z\"{u}rich},
  year = {1999},
  type = {Dissertation},
  institution = {ETH Z\"{u}rich},
  number = {13504},
  doi = {10.3929/ethz-a-003856704}
}

@Book{succi01a,
  author = {Succi, Sauro},
  title = {The lattice {B}oltzmann equation for fluid dynamics and beyond},
  publisher = {Oxford University Press},
  year = {2001},
  isbn = {9780198503989},
  url = {https://global.oup.com/academic/product/the-lattice-boltzmann-equation-9780198503989},
  address = {New York, USA},
}

@Article{swope92a,
  author    = {Swope, William C. and Ferguson, David M.},
  title     = {Alternative expressions for energies and forces due to angle bending and torsional energy},
  journal   = {Journal of Computational Chemistry},
  year      = {1992},
  volume    = {13},
  number    = {5},
  pages     = {585--594},
  doi       = {10.1002/jcc.540130508},
}

@Article{thole81a,
  author    = {Thole, B. T.},
  title     = {Molecular polarizabilities calculated with a modified dipole interaction},
  journal   = {Chemical Physics},
  year      = {1981},
  volume    = {59},
  number    = {3},
  pages     = {341--350},
  doi       = {10.1016/0301-0104(81)85176-2},
}

@Article{thompson09a,
  author = {Thompson, Aidan P. and Plimpton, Steven J. and Mattson, William},
  title = {General formulation of pressure and stress tensor for arbitrary many-body interaction potentials under periodic boundary conditions},
  journal = {The Journal of Chemical Physics},
  year = {2009},
  volume = {131},
  number = {15},
  pages = {154107},
  doi = {10.1063/1.3245303},
}

@Article{tironi95a,
  author    = {Tironi, Ilario G. and Sperb, Ren\'{e} and Smith, Paul E. and van Gunsteren, Wilfred F.},
  title     = {A generalized Reaction Field Method for Molecular-Dynamics Simulations},
  journal   = {The Journal of Chemical Physics},
  year      = {1995},
  volume    = {102},
  number    = {13},
  pages     = {5451--5459},
  doi       = {10.1063/1.469273},
}

@Article{turner08a,
  author    = {Turner, C. Heath and Brennan, John K. and L{\'i}sal, Martin and Smith, William R. and Johnson, J. Karl and Gubbins, Keith E.},
  title     = {Simulation of chemical reaction equilibria by the reaction ensemble {M}onte {C}arlo method: {A} review},
  journal   = {Molecular Simulation},
  year      = {2008},
  volume    = {34},
  number    = {2},
  pages     = {119--146},
  doi       = {10.1080/08927020801986564},
  publisher = {Taylor \& Francis}
}

@Article{tyagi07a,
  author = {Tyagi, Sandeep and Arnold, Axel and Holm, Christian},
  title = {{ICMMM2D}: An accurate method to include planar dielectric interfaces via image charge summation},
  journal = {The Journal of Chemical Physics},
  year = {2007},
  volume = {127},
  number = {15},
  pages = {154723},
  doi = {10.1063/1.2790428},
}

@Article{tyagi08a,
  author = {Sandeep Tyagi and Axel Arnold and Christian Holm},
  title = {Electrostatic layer correction with image charges: {A} linear scaling method to treat slab 2{D} + h systems with dielectric interfaces},
  journal = {The Journal of Chemical Physics},
  year = {2008},
  volume = {129},
  number = {20},
  pages = {204102},
  doi = {10.1063/1.3021064},
}

@Article{tyagi10a,
  author = {Tyagi, Sandeep and S{\"u}zen, Mehmet and Sega, Marcello and Barbosa, Marcia C. and Kantorovich, Sofia S. and Holm, Christian},
  title = {An iterative, fast, linear-scaling method for computing induced charges on arbitrary dielectric boundaries},
  journal = {The Journal of Chemical Physics},
  year = {2010},
  volume = {132},
  number = {15},
  pages = {154112},
  doi = {10.1063/1.3376011},
}

@Article{usta05a,
  author    = {Usta, O. Berk and Ladd, Anthony J. C. and Butler, Jason E.},
  title     = {Lattice-{B}oltzmann simulations of the dynamics of polymer solutions in periodic and confined geometries},
  journal   = {Journal of Chemical Physics},
  year      = {2005},
  volume    = {122},
  number    = {9},
  pages     = {094902},
  doi       = {10.1063/1.1854151},
}

@Article{wagner02a,
  author    = {Wagner, Alexander J. and Pagonabarraga, Ignacio},
  title     = {{L}ees--{E}dwards boundary conditions for lattice {B}oltzmann},
  journal   = {Journal of Statistical Physics},
  year      = {2002},
  volume    = {107},
  number    = {112},
  pages     = {521--537},
  doi       = {10.1023/A:1014595628808},
}

@Article{wang01a,
  author    = {Wang, Zuowei and Holm, Christian},
  title     = {Estimate of the cutoff errors in the {E}wald summation for dipolar systems},
  journal   = {The Journal of Chemical Physics},
  year      = {2001},
  volume    = {115},
  pages     = {6351--6359},
  doi       = {10.1063/1.1398588},
}

@Article{weik19a,
  author    = {Weik, Florian and Weeber, Rudolf and Szuttor, Kai and Breitsprecher, Konrad and de Graaf, Joost and Kuron, Michael and Landsgesell, Jonas and Menke, Henri and Sean, David and Holm, Christian},
  title     = {{ESPResSo} 4.0 -- An Extensible Software Package for Simulating Soft Matter Systems},
  journal   = {The European Physical Journal Special Topics},
  year      = {2019},
  volume    = {227},
  number    = {14},
  pages     = {1789--1816},
  doi       = {10.1140/epjst/e2019-800186-9},
}

@InProceedings{weidendorfer04a,
  author    = {Weidendorfer, Josef and Kowarschik, Markus and Trinitis, Carsten},
  title     = {A Tool Suite for Simulation Based Analysis of Memory Access Behavior},
  booktitle = {Computational Science - ICCS 2004},
  year      = {2004},
  editor    = {Bubak, Marian and van Albada, Geert Dick and Sloot, Peter M. A. and Dongarra, Jack},
  volume    = {3038},
  series    = {Lecture Notes in Computer Science},
  publisher = {Springer Berlin Heidelberg},
  isbn      = {978-3-540-24688-6},
  pages     = {440--447},
  doi       = {10.1007/978-3-540-24688-6_58},
  address   = {Berlin, Heidelberg},
}

@Article{widom63a,
  author    = {Widom, B.},
  title     = {Some topics in the theory of fluids},
  journal   = {The Journal of Chemical Physics},
  year      = {1963},
  volume    = {39},
  number    = {11},
  pages     = {2802--2812},
  doi       = {10.1063/1.1734110},
}

@Article{yaghoubi15a,
  title={New modified weight function for the dissipative force in the {DPD} method to increase the {S}chmidt number},
  author={Yaghoubi, S. and Shirani, E. and Pishevar, A. R. and Afshar, Y.},
  journal={EPL (Europhysics Letters)},
  volume={110},
  number={2},
  pages={24002},
  year={2015},
  doi={10.1209/0295-5075/110/24002},
  publisher={IOP Publishing}
}

@Article{yeh99a,
  title                    = {{E}wald summation for systems with slab geometry},
  author                   = {Yeh, In-Chul and Berkowitz, Max L.},
  journal                  = {Journal of Chemical Physics},
  year                     = {1999},
  volume                   = {111},
  number                   = {7},
  pages                    = {3155--3162},
  doi                      = {10.1063/1.479595},
}

@InProceedings{zhang01b,
author={Zhang, Cha and Chen, Tsuhan},
booktitle={Proceedings 2001 International Conference on Image Processing (Cat. No.01CH37205)},
title={Efficient feature extraction for {2D}/{3D} objects in mesh representation},
year={2001},
volume={3},
pages={935--938},
doi={10.1109/ICIP.2001.958278},
}
