@article{landsgesell2017simulation,
  title={Simulation of weak polyelectrolytes: a comparison between the constant pH and the reaction ensemble method},
  author={Landsgesell, Jonas and Holm, Christian and Smiatek, Jens},
  journal={The European Physical Journal Special Topics},
  volume={226},
  number={4},
  pages={725--736},
  year={2017},
  publisher={Springer}
}
