@ARTICLE{espresso,
  author = {Hans-J{\"o}rg Limbach and Axel Arnold and Bernward A. Mann
            and Christian Holm},
  title = {{ESPResSo} -- An Extensible Simulation Package for Research
	   on Soft Matter Systems},
  journal = {Comput. Phys. Commun.},
  year = {2006},
  volume = {174},
  pages = {704--727},
  number = {9},
  doi = {10.1016/j.cpc.2005.10.005},
}

@INCOLLECTION{espresso2,
  author = {Axel Arnold and Olaf Lenz and Stefan Kesselheim and Rudolf Weeber
	and Florian Fahrenberger and Dominic Roehm and Peter Kosovan and
	Christian Holm},
  title = {{ESPResSo 3.1} -- Molecular Dynamics Software for Coarse-Grained
	Models},
  booktitle = {Proceedings of the Sixth International Workshop on Meshfree Methods
	for Partial Differential Equations},
  publisher = {Springer},
  year = {submitted},
  editor = {Michael Griebel and Christian Rieger and Marc Alexander Schweitzer},
  series = {Lecture Notes in Computational Science and Engineering},
  address = {Berlin, Germany}
}

@article{Peskin2002,
author = {Peskin, Charles S},
title = {{The immersed boundary method}},
journal = {Acta Numerica},
year = {2003},
volume = {11},
pages = {479--517}
}

@article{Gompper1996,
author = {Gompper, G and Kroll, D M},
title = {{Random surface discretizations and the renormalization of the bending rigidity}},
journal = {Journal de Physique I},
year = {1996},
volume = {6},
pages = {1305--1320}
}

@article{Crowl2010,
author = {Crowl, Lindsay M and Fogelson, Aaron L},
title = {{Computational model of whole blood exhibiting lateral platelet motion induced by red blood cells}},
journal = {Int. J. Numer. Meth. Biomed. Engng.},
year = {2010},
volume = {26},
number = {3-4},
pages = {471--487},
}

@PHDTHESIS{KruegerThesis,
author = {Kr{\"u}ger, Timm},
title = {{Computer simulation study of collective phenomena in dense suspensions of red blood cells under shear}},
school = {Universit{\"a}t Bochum},
year = {2011}
}

@ARTICLE{elc,
  author = {Axel Arnold and Jason {de Joannis} and Christian Holm},
  title = {{Electrostatics in Periodic Slab Geometries I+II}},
  journal = {J. Chem. Phys.},
  year = {2002},
  volume = {117},
  pages = {2496--2512},
  eprint = {cond-mat/0202399 and cond-mat/0202400}
}

@ARTICLE{icmmm2d,
  author = {S. Tyagi and A. Arnold and C. Holm},
  title = {{ICMMM2D}: An accurate method to include planar dielectric interfaces
	via image charge summation},
  journal = {J. Chem. Phys.},
  year = {2007},
  volume = {127},
  pages = {154723}
}

@ARTICLE{icelc,
  author = {Sandeep Tyagi and Axel Arnold and Christian Holm},
  title = {Electrostatic layer correction with image charges: A linear scaling
	method to treat slab 2D + h systems with dielectric interfaces},
  journal = {J. Chem. Phys.},
  year = {2008},
  volume = {129},
  pages = {204102},
  number = {20}
}

@Article{lbgpu,
  author = 	 {D. Roehm and A. Arnold},
  title = 	 {Lattice Boltzmann simulations on {GPU}s with {ESPResSo}},
  journal = 	 {Eur. Phys. J. ST},
  year = 	 {2012},
  volume = 	 {210},
  pages = 	 {73--88}
}

@ARTICLE{mmm1d,
  author = {A. Arnold and C. Holm},
  title = {{MMM1D}: {A} method for calculating electrostatic interactions in
	1{D} periodic geometries},
  journal = {J. Chem. Phys.},
  year = {2005},
  volume = {123},
  pages = {144103},
  number = {12}
}

@ARTICLE{mmm2d,
  author = {Axel Arnold and Christian Holm},
  title = {{MMM2D}: A fast and accurate summation methodlimnb for electrostatic
	interactions in 2D slab geometries},
  journal = {Comput. Phys. Commun.},
  year = {2002},
  volume = {148},
  pages = {327--348},
  number = {3},
  eprint = {cond-mat/0202265}
}

@ARTICLE{cimrak,
	author = {Cimr\'ak, I. and Gusenbauer, M. and Schrefl, T.},
	title = {Modelling and simulation of processes in microfluidic devices for biomedical applications},
	journal = {Computers \& Mathematics with Applications},
	year = {2012},
	number = {3},
	volume = {64},
	pages = {278--288}
}

@ARTICLE{sega13c,
 title = {Mesoscale structures at complex fluidâ€“fluid interfaces: a novel lattice Boltzmann/molecular dynamics coupling},
 author = {M. Sega and   M. Sbragaglia  and   S. S. Kantorovich and    A. O. Ivanov},
 journal = {Soft Matter},
 year = {2013, in press},
 doi = {10.1039/C3SM51556G}
}
@article{shan93a,
   author={  X. Shan  and  H. Chen },
   title = {Lattice Boltzmann model for simulating flows with multiple phases and components},
   journal={  Phys. Rev. E},
   volume={47},
   pages={1815},
   year={1993}
}

@article{hsu12a,
  title={Ab initio determination of coarse-grained interactions in double-stranded DNA},
  author={Hsu, Chia Wei and Fyta, Maria and Lakatos, Greg and Melchionna, Simone and Kaxiras, Efthimios},
  journal={The Journal of chemical physics},
  volume={137},
  number={10},
  pages={105102},
  year={2012},
  publisher={AIP Publishing}
}

@ARTICLE{fahrenberger15b,
  author = {Fahrenberger, F. and Hickey, O. A. and Smiatek, J. and Holm, C.},
  title = {Importance of varying permittivity on the conductivity of polyelectrolyte solutions},
  journal = {Physical Review Letters},
  year = {2015}
}
